<?xml version="1.0" encoding="UTF-8" standalone="yes"?><bib><mms_id>991013246959703851</mms_id><record_format>marc21</record_format><linked_record_id/><title>Statistical abstract of the United States /</title><author>United States. Department of the Treasury. Bureau of Statistics.</author><issn>0081-4741</issn><network_numbers><network_number>(OCoLC)ocm01193890</network_number><network_number>(OCoLC)01193890</network_number><network_number>(MMeT)b16684977-01tun_inst</network_number><network_number>(OCoLC)1001370064</network_number><network_number>(OCoLC)1000414922</network_number><network_number>(OCoLC)993892123</network_number><network_number>(OCoLC)988495490</network_number><network_number>(OCoLC)980121787</network_number><network_number>(OCoLC)980118817</network_number><network_number>(OCoLC)979643372</network_number><network_number>(OCoLC)979641086</network_number><network_number>(OCoLC)977922632</network_number><network_number>(OCoLC)976635080</network_number><network_number>(OCoLC)965162908</network_number><network_number>(OCoLC)908771152</network_number><network_number>(OCoLC)908277778</network_number><network_number>(OCoLC)852211112</network_number><network_number>(OCoLC)706065011</network_number><network_number>(OCoLC)643561966</network_number><network_number>(OCoLC)630067041</network_number><network_number>(OCoLC)611176777</network_number><network_number>(OCoLC)608572900</network_number><network_number>(OCoLC)607130895</network_number><network_number>(OCoLC)228667432</network_number><network_number>(OCoLC)185058403</network_number><network_number>(OCoLC)34506599</network_number><network_number>(OCoLC)34124443</network_number><network_number>(OCoLC)27290921</network_number><network_number>(OCoLC)18288488</network_number><network_number>(OCoLC)17631144</network_number><network_number>(OCoLC)11608921</network_number><network_number>(OCoLC)10706371</network_number><network_number>(OCoLC)10698337</network_number><network_number>(OCoLC)10698260</network_number><network_number>(OCoLC)5150033</network_number><network_number>(OCoLC)5150015</network_number><network_number>(OCoLC)1768254</network_number><network_number>(OCoLC)740560</network_number><network_number>(OCoLC)656461</network_number><network_number>(OCoLC)245146</network_number></network_numbers><place_of_publication>Washington :</place_of_publication><date_of_publication>1879-</date_of_publication><publisher_const>US GPO</publisher_const><holdings link="https://api-na.hosted.exlibrisgroup.com/almaws/v1/bibs/991013246959703851/holdings"/><created_by>import</created_by><created_date>2017-06-07Z</created_date><last_modified_by>A9585415319B3897CD9442C34EECE9DC</last_modified_by><last_modified_date>2019-04-30Z</last_modified_date><suppress_from_publishing>false</suppress_from_publishing><originating_system>OCLC</originating_system><originating_system_id>b16684977-01tun_inst</originating_system_id><cataloging_level desc="Default Level">00</cataloging_level><record><leader>27367cas a2203349 a 4500</leader><controlfield tag="001">991013246959703851</controlfield><controlfield tag="005">20190430120109.0</controlfield><controlfield tag="008">750228d18782012dcuar    s   f0   a0eng  </controlfield><datafield ind1=" " ind2=" " tag="010"><subfield code="a">   04018089 </subfield></datafield><datafield ind1=" " ind2=" " tag="012"><subfield code="a">3</subfield><subfield code="b">3</subfield><subfield code="e">b</subfield><subfield code="j">0</subfield></datafield><datafield ind1="7" ind2=" " tag="016"><subfield code="a">01540010R</subfield><subfield code="2">DNLM</subfield></datafield><datafield ind1="7" ind2=" " tag="016"><subfield code="a">S38520000</subfield><subfield code="2">DNLM</subfield></datafield><datafield ind1="7" ind2=" " tag="016"><subfield code="a">010499559</subfield><subfield code="2">Uk</subfield></datafield><datafield ind1=" " ind2=" " tag="019"><subfield code="a">245146</subfield><subfield code="a">656461</subfield><subfield code="a">740560</subfield><subfield code="a">1768254</subfield><subfield code="a">5150015</subfield><subfield code="a">5150033</subfield><subfield code="a">10698260</subfield><subfield code="a">10698337</subfield><subfield code="a">10706371</subfield><subfield code="a">11608921</subfield><subfield code="a">17631144</subfield><subfield code="a">18288488</subfield><subfield code="a">27290921</subfield><subfield code="a">34124443</subfield><subfield code="a">34506599</subfield><subfield code="a">185058403</subfield><subfield code="a">228667432</subfield><subfield code="a">607130895</subfield><subfield code="a">608572900</subfield><subfield code="a">611176777</subfield><subfield code="a">630067041</subfield><subfield code="a">643561966</subfield><subfield code="a">706065011</subfield><subfield code="a">852211112</subfield><subfield code="a">908277778</subfield><subfield code="a">908771152</subfield><subfield code="a">965162908</subfield><subfield code="a">976635080</subfield><subfield code="a">977922632</subfield><subfield code="a">979641086</subfield><subfield code="a">979643372</subfield><subfield code="a">980118817</subfield><subfield code="a">980121787</subfield><subfield code="a">988495490</subfield><subfield code="a">993892123</subfield><subfield code="a">1000414922</subfield><subfield code="a">1001370064</subfield></datafield><datafield ind1="0" ind2=" " tag="022"><subfield code="a">0081-4741</subfield><subfield code="l">0081-4741</subfield><subfield code="2">1</subfield></datafield><datafield ind1="1" ind2=" " tag="029"><subfield code="a">AU@</subfield><subfield code="b">000000944400</subfield></datafield><datafield ind1="1" ind2=" " tag="029"><subfield code="a">AU@</subfield><subfield code="b">000024057983</subfield></datafield><datafield ind1="1" ind2=" " tag="029"><subfield code="a">AU@</subfield><subfield code="b">000025250531</subfield></datafield><datafield ind1="1" ind2=" " tag="029"><subfield code="a">AU@</subfield><subfield code="b">000044757140</subfield></datafield><datafield ind1="1" ind2=" " tag="029"><subfield code="a">FHL</subfield><subfield code="b">(UtSlFS)204356</subfield></datafield><datafield ind1="1" ind2=" " tag="029"><subfield code="a">NLM</subfield><subfield code="b">01540010R</subfield></datafield><datafield ind1="1" ind2=" " tag="029"><subfield code="a">NZ1</subfield><subfield code="b">12350592</subfield></datafield><datafield ind1="1" ind2=" " tag="029"><subfield code="a">NZ1</subfield><subfield code="b">134</subfield></datafield><datafield ind1="1" ind2=" " tag="029"><subfield code="a">NZ1</subfield><subfield code="b">2598873</subfield></datafield><datafield ind1="1" ind2=" " tag="029"><subfield code="a">NZ1</subfield><subfield code="b">9726652</subfield></datafield><datafield ind1="1" ind2=" " tag="029"><subfield code="a">YDXCP</subfield><subfield code="b">1518742</subfield></datafield><datafield ind1="1" ind2=" " tag="029"><subfield code="a">YDXCP</subfield><subfield code="b">1544962</subfield></datafield><datafield ind1="1" ind2=" " tag="029"><subfield code="a">YDXCP</subfield><subfield code="b">1570945</subfield></datafield><datafield ind1="1" ind2=" " tag="029"><subfield code="a">YDXCP</subfield><subfield code="b">1602455</subfield></datafield><datafield ind1="1" ind2=" " tag="029"><subfield code="a">YDXCP</subfield><subfield code="b">1622696</subfield></datafield><datafield ind1="1" ind2=" " tag="029"><subfield code="a">YDXCP</subfield><subfield code="b">1848143</subfield></datafield><datafield ind1="1" ind2=" " tag="029"><subfield code="a">YDXCP</subfield><subfield code="b">1848277</subfield></datafield><datafield ind1="1" ind2=" " tag="029"><subfield code="a">YDXCP</subfield><subfield code="b">2158487</subfield></datafield><datafield ind1=" " ind2=" " tag="035"><subfield code="a">(MMeT)b16684977-01tun_inst</subfield></datafield><datafield ind1=" " ind2=" " tag="035"><subfield code="a">(OCoLC)01193890</subfield><subfield code="z">(OCoLC)245146</subfield><subfield code="z">(OCoLC)656461</subfield><subfield code="z">(OCoLC)740560</subfield><subfield code="z">(OCoLC)1768254</subfield><subfield code="z">(OCoLC)5150015</subfield><subfield code="z">(OCoLC)5150033</subfield><subfield code="z">(OCoLC)10698260</subfield><subfield code="z">(OCoLC)10698337</subfield><subfield code="z">(OCoLC)10706371</subfield><subfield code="z">(OCoLC)11608921</subfield><subfield code="z">(OCoLC)17631144</subfield><subfield code="z">(OCoLC)18288488</subfield><subfield code="z">(OCoLC)27290921</subfield><subfield code="z">(OCoLC)34124443</subfield><subfield code="z">(OCoLC)34506599</subfield><subfield code="z">(OCoLC)185058403</subfield><subfield code="z">(OCoLC)228667432</subfield><subfield code="z">(OCoLC)607130895</subfield><subfield code="z">(OCoLC)608572900</subfield><subfield code="z">(OCoLC)611176777</subfield><subfield code="z">(OCoLC)630067041</subfield><subfield code="z">(OCoLC)643561966</subfield><subfield code="z">(OCoLC)706065011</subfield><subfield code="z">(OCoLC)852211112</subfield><subfield code="z">(OCoLC)908277778</subfield><subfield code="z">(OCoLC)908771152</subfield><subfield code="z">(OCoLC)965162908</subfield><subfield code="z">(OCoLC)976635080</subfield><subfield code="z">(OCoLC)977922632</subfield><subfield code="z">(OCoLC)979641086</subfield><subfield code="z">(OCoLC)979643372</subfield><subfield code="z">(OCoLC)980118817</subfield><subfield code="z">(OCoLC)980121787</subfield><subfield code="z">(OCoLC)988495490</subfield><subfield code="z">(OCoLC)993892123</subfield><subfield code="z">(OCoLC)1000414922</subfield><subfield code="z">(OCoLC)1001370064</subfield></datafield><datafield ind1=" " ind2=" " tag="035"><subfield code="a">(OCoLC)ocm01193890 </subfield></datafield><datafield ind1=" " ind2=" " tag="040"><subfield code="a">DLC</subfield><subfield code="b">eng</subfield><subfield code="c">UDI</subfield><subfield code="d">COO</subfield><subfield code="d">IUL</subfield><subfield code="d">AGL</subfield><subfield code="d">MYG</subfield><subfield code="d">NST</subfield><subfield code="d">NSD</subfield><subfield code="d">HUL</subfield><subfield code="d">DLC</subfield><subfield code="d">GPO</subfield><subfield code="d">OCL</subfield><subfield code="d">MYG</subfield><subfield code="d">HUL</subfield><subfield code="d">MYG</subfield><subfield code="d">DLC</subfield><subfield code="d">GPO</subfield><subfield code="d">DLC</subfield><subfield code="d">GPO</subfield><subfield code="d">DLC</subfield><subfield code="d">HUL</subfield><subfield code="d">GPO</subfield><subfield code="d">IUL</subfield><subfield code="d">GPO</subfield><subfield code="d">OCL</subfield><subfield code="d">GUA</subfield><subfield code="d">IUL</subfield><subfield code="d">OCLCQ</subfield><subfield code="d">DLC</subfield><subfield code="d">GPO</subfield><subfield code="d">NLM</subfield><subfield code="d">OCLCQ</subfield><subfield code="d">OCL</subfield><subfield code="d">OCLCA</subfield><subfield code="d">GPO</subfield><subfield code="d">LVB</subfield><subfield code="d">GPO</subfield><subfield code="d">DLC</subfield><subfield code="d">KZG</subfield><subfield code="d">WAU</subfield><subfield code="d">NLGGC</subfield><subfield code="d">GSS</subfield><subfield code="d">NYDWH</subfield><subfield code="d">GPO</subfield><subfield code="d">OCLCQ</subfield><subfield code="d">KRTAS</subfield><subfield code="d">OCLCQ</subfield><subfield code="d">GPO</subfield><subfield code="d">OCL</subfield><subfield code="d">DLC</subfield><subfield code="d">OCLCQ</subfield><subfield code="d">TULIB</subfield><subfield code="d">OCLCQ</subfield><subfield code="d">MOF</subfield><subfield code="d">GPO</subfield><subfield code="d">ZCU</subfield><subfield code="d">HVL</subfield><subfield code="d">IUL</subfield><subfield code="d">CLU</subfield><subfield code="d">GPO</subfield><subfield code="d">OCLCA</subfield><subfield code="d">OCLCQ</subfield><subfield code="d">OCLCA</subfield><subfield code="d">VVD</subfield><subfield code="d">UKMGB</subfield><subfield code="d">CUS</subfield><subfield code="d">OCLCO</subfield><subfield code="d">OCLCF</subfield><subfield code="d">FHL</subfield><subfield code="d">KLH</subfield><subfield code="d">OCLCQ</subfield><subfield code="d">UY0</subfield><subfield code="d">OCLCO</subfield><subfield code="d">MNA</subfield><subfield code="d">OCLCO</subfield><subfield code="d">OCL</subfield><subfield code="d">OCLCA</subfield><subfield code="d">HGP</subfield><subfield code="d">CASUM</subfield><subfield code="d">GZN</subfield><subfield code="d">DML</subfield><subfield code="d">UKWOH</subfield></datafield><datafield ind1=" " ind2=" " tag="042"><subfield code="a">pcc</subfield><subfield code="a">nsdp</subfield></datafield><datafield ind1=" " ind2=" " tag="043"><subfield code="a">n-us---</subfield></datafield><datafield ind1=" " ind2=" " tag="049"><subfield code="a">TFWW</subfield></datafield><datafield ind1="0" ind2="0" tag="050"><subfield code="a">HA202</subfield></datafield><datafield ind1="0" ind2="0" tag="060"><subfield code="a">HA 202</subfield><subfield code="b">A1</subfield></datafield><datafield ind1="0" ind2=" " tag="070"><subfield code="a">HA202.S8</subfield></datafield><datafield ind1=" " ind2=" " tag="074"><subfield code="a">0150</subfield></datafield><datafield ind1="0" ind2="4" tag="082"><subfield code="a">317.3</subfield><subfield code="2">19</subfield></datafield><datafield ind1="0" ind2=" " tag="086"><subfield code="a">C 56.243:</subfield></datafield><datafield ind1="0" ind2=" " tag="086"><subfield code="a">C 3.134:</subfield></datafield><datafield ind1="0" ind2=" " tag="210"><subfield code="a">Stat. abstr. U.S.</subfield></datafield><datafield ind1=" " ind2="0" tag="222"><subfield code="a">Statistical abstract of the United States</subfield></datafield><datafield ind1="0" ind2="0" tag="245"><subfield code="a">Statistical abstract of the United States /</subfield><subfield code="c">prepared by the chief of the Bureau of Statistics, Treasury Department.</subfield></datafield><datafield ind1="1" ind2=" " tag="246"><subfield code="i">At head of title:</subfield><subfield code="a">National data book and guide to sources</subfield><subfield code="f">1988-&lt;1990&gt;</subfield></datafield><datafield ind1=" " ind2=" " tag="260"><subfield code="3">1878- &lt;2010&gt;</subfield><subfield code="a">Washington :</subfield><subfield code="b">U.S. G.P.O.,</subfield><subfield code="c">1879-</subfield></datafield><datafield ind1=" " ind2=" " tag="300"><subfield code="a">volumes :</subfield><subfield code="b">illustrations ;</subfield><subfield code="c">24 cm</subfield></datafield><datafield ind1=" " ind2=" " tag="310"><subfield code="a">Annual</subfield></datafield><datafield ind1=" " ind2=" " tag="336"><subfield code="a">text</subfield><subfield code="b">txt</subfield><subfield code="2">rdacontent</subfield></datafield><datafield ind1=" " ind2=" " tag="337"><subfield code="a">unmediated</subfield><subfield code="b">n</subfield><subfield code="2">rdamedia</subfield></datafield><datafield ind1=" " ind2=" " tag="338"><subfield code="a">volume</subfield><subfield code="b">nc</subfield><subfield code="2">rdacarrier</subfield></datafield><datafield ind1="0" ind2=" " tag="362"><subfield code="a">1st no. (1878)-</subfield></datafield><datafield ind1="1" ind2=" " tag="362"><subfield code="a">Ceased with: 131st ed. (2012).</subfield></datafield><datafield ind1=" " ind2=" " tag="515"><subfield code="a">Chronological designation changed from year of coverage to year of publication in 1928: 49th no. (1926) followed by 50th no. (1928).</subfield></datafield><datafield ind1=" " ind2=" " tag="515"><subfield code="a">Vols. for 1947- called 68th- ed.; issue for 2004/2005 is a combined issue.</subfield></datafield><datafield ind1=" " ind2=" " tag="550"><subfield code="a">Vols. for 1878-1902 issued by: the Bureau of Statistics (Dept. of the Treasury); 1903-1911 by: the Bureau of Statistics (Dept. of Commerce and Labor); 1912-1937 by: the Bureau of Foreign and Domestic Commerce; 1938- by: the Bureau of the Census; &lt;2000-&gt; by: U.S. Census Bureau.</subfield></datafield><datafield ind1="1" ind2=" " tag="541"><subfield code="3">Ginn Library copy</subfield><subfield code="c">Gift;</subfield><subfield code="a">Sarah Corvene.</subfield><subfield code="d">20190202</subfield><subfield code="5">MMeT</subfield></datafield><datafield ind1="1" ind2=" " tag="541"><subfield code="3">Hirsch Health Sciences Library copy</subfield><subfield code="c">Gift;</subfield><subfield code="a">Dr. Kildare.</subfield><subfield code="d">20190202</subfield><subfield code="5">MMeT</subfield></datafield><datafield ind1=" " ind2=" " tag="580"><subfield code="a">Has numerous supplements.</subfield></datafield><datafield ind1=" " ind2=" " tag="588"><subfield code="a">Latest issue consulted: 131st ed. (2012).</subfield></datafield><datafield ind1=" " ind2="7" tag="655"><subfield code="a">Reference works.</subfield><subfield code="2">lcgft</subfield></datafield><datafield ind1=" " ind2="7" tag="655"><subfield code="a">Reference works.</subfield><subfield code="2">fast</subfield><subfield code="0">(OCoLC)fst01919963</subfield></datafield><datafield ind1=" " ind2="7" tag="655"><subfield code="a">Periodicals.</subfield><subfield code="2">fast</subfield><subfield code="0">(OCoLC)fst01411641</subfield></datafield><datafield ind1=" " ind2="7" tag="655"><subfield code="a">Statistics.</subfield><subfield code="2">fast</subfield><subfield code="0">(OCoLC)fst01423727</subfield></datafield><datafield ind1=" " ind2="0" tag="651"><subfield code="a">United States</subfield><subfield code="v">Statistics</subfield><subfield code="v">Periodicals.</subfield></datafield><datafield ind1=" " ind2="2" tag="651"><subfield code="a">United States.</subfield></datafield><datafield ind1=" " ind2="2" tag="655"><subfield code="a">Statistics.</subfield></datafield><datafield ind1=" " ind2="7" tag="655"><subfield code="a">Electronic journals.</subfield><subfield code="2">local</subfield></datafield><datafield ind1="1" ind2=" " tag="770"><subfield code="t">Congressional district data book</subfield><subfield code="x">0082-9447</subfield><subfield code="w">(DLC)sn 87020988</subfield><subfield code="w">(OCoLC)1644730</subfield></datafield><datafield ind1="1" ind2=" " tag="770"><subfield code="t">County and city data book</subfield><subfield code="x">0082-9455</subfield><subfield code="w">(DLC)   52004576</subfield><subfield code="w">(OCoLC)1184940</subfield></datafield><datafield ind1="1" ind2=" " tag="770"><subfield code="t">Historical statistics of the United States</subfield><subfield code="w">(OCoLC)4624882</subfield></datafield><datafield ind1="1" ind2=" " tag="770"><subfield code="t">Pocket data book, USA</subfield><subfield code="x">0079-2403</subfield><subfield code="w">(DLC)a  66007638</subfield><subfield code="w">(OCoLC)1167640</subfield></datafield><datafield ind1="1" ind2=" " tag="770"><subfield code="t">Directory of federal statistics for states</subfield><subfield code="w">(DLC)sn 87029439</subfield><subfield code="w">(OCoLC)8841971</subfield></datafield><datafield ind1="1" ind2=" " tag="770"><subfield code="t">Directory of Federal statistics for local areas: a guide to sources</subfield><subfield code="x">0272-1031</subfield><subfield code="w">(DLC)   80641978</subfield><subfield code="w">(OCoLC)4879161</subfield></datafield><datafield ind1="1" ind2=" " tag="770"><subfield code="t">State and metropolitan area data book</subfield><subfield code="x">0276-6566</subfield><subfield code="w">(DLC)   80600018</subfield><subfield code="w">(OCoLC)7113217</subfield></datafield><datafield ind1="1" ind2=" " tag="770"><subfield code="t">USA statistics in brief</subfield><subfield code="x">1559-789X</subfield><subfield code="w">(DLC)sn 87042811</subfield><subfield code="w">(OCoLC)2289219</subfield></datafield><datafield ind1="1" ind2=" " tag="770"><subfield code="t">USA counties on CD-ROM</subfield><subfield code="w">(DLC)   97644504</subfield><subfield code="w">(OCoLC)26605381</subfield></datafield><datafield ind1="0" ind2=" " tag="775"><subfield code="t">Statistical abstract of the United States (Enlarged print ed.)</subfield><subfield code="x">1063-1690</subfield><subfield code="w">(DLC)sn 92004811</subfield><subfield code="w">(OCoLC)25908131</subfield></datafield><datafield ind1="0" ind2=" " tag="775"><subfield code="t">Statistical abstract of the United States (Reference Press ed.)</subfield><subfield code="x">1932-4197</subfield><subfield code="w">(DLC)sn 93031197</subfield><subfield code="w">(OCoLC)27330784</subfield></datafield><datafield ind1="1" ind2=" " tag="776"><subfield code="c">Microfiche</subfield><subfield code="d">W.S. Hein, Microform Division</subfield><subfield code="x">0081-4741</subfield><subfield code="w">(DLC)sn 87018622</subfield><subfield code="w">(OCoLC)5812418</subfield></datafield><datafield ind1="0" ind2="8" tag="776"><subfield code="i">Online version:</subfield><subfield code="t">Statistical abstract of the United States</subfield><subfield code="w">(DLC)  2009230088</subfield><subfield code="w">(OCoLC)51973104</subfield></datafield><datafield ind1="0" ind2="8" tag="776"><subfield code="i">CD-ROM version:</subfield><subfield code="t">Statistical abstract of the United States (CD-ROM)</subfield><subfield code="w">(DLC)   97644500</subfield><subfield code="w">(OCoLC)29631878</subfield></datafield><datafield ind1="0" ind2="0" tag="785"><subfield code="t">ProQuest statistical abstract of the United States</subfield><subfield code="w">(DLC)  2013234400</subfield><subfield code="w">(OCoLC)823177198</subfield></datafield><datafield ind1="0" ind2=" " tag="787"><subfield code="t">American almanac (Austin, Tex.)</subfield><subfield code="x">1063-7257</subfield><subfield code="w">(DLC)sn 92002969</subfield><subfield code="w">(OCoLC)26123999</subfield></datafield><datafield ind1="1" ind2=" " tag="710"><subfield code="a">United States.</subfield><subfield code="b">Department of the Treasury.</subfield><subfield code="b">Bureau of Statistics.</subfield></datafield><datafield ind1="1" ind2=" " tag="710"><subfield code="a">United States.</subfield><subfield code="b">Department of Commerce and Labor.</subfield><subfield code="b">Bureau of Statistics.</subfield></datafield><datafield ind1="1" ind2=" " tag="710"><subfield code="a">United States.</subfield><subfield code="b">Bureau of Foreign and Domestic Commerce.</subfield></datafield><datafield ind1="1" ind2=" " tag="710"><subfield code="a">United States.</subfield><subfield code="b">Bureau of the Census.</subfield></datafield><datafield ind1="2" ind2=" " tag="710"><subfield code="a">U.S. Census Bureau.</subfield></datafield><datafield ind1=" " ind2=" " tag="850"><subfield code="a">CU</subfield><subfield code="a">CU-Riv</subfield><subfield code="a">CU-RivA</subfield><subfield code="a">CU-RivP</subfield><subfield code="a">CaAEU</subfield><subfield code="a">CaMWU</subfield><subfield code="a">CaNBFU</subfield><subfield code="a">CaOOE</subfield><subfield code="a">CtHT</subfield><subfield code="a">CtY-L</subfield><subfield code="a">DLC</subfield><subfield code="a">FU</subfield><subfield code="a">IC</subfield><subfield code="a">ICRL</subfield><subfield code="a">IaAS</subfield><subfield code="a">IaU</subfield><subfield code="a">InU</subfield><subfield code="a">MBCo</subfield><subfield code="a">MCM</subfield><subfield code="a">MH</subfield><subfield code="a">MH-CI</subfield><subfield code="a">MH-CS</subfield><subfield code="a">MH-Ed</subfield><subfield code="a">MH-GM</subfield><subfield code="a">MH-Hi</subfield><subfield code="a">MH-KG</subfield><subfield code="a">MH-L</subfield><subfield code="a">MH-Lm</subfield><subfield code="a">MH-P</subfield><subfield code="a">MH-PA</subfield><subfield code="a">MH-SD</subfield><subfield code="a">MdBJ</subfield><subfield code="a">MnU</subfield><subfield code="a">NN</subfield><subfield code="a">NNC</subfield><subfield code="a">NcD</subfield><subfield code="a">PPT</subfield><subfield code="a">PU</subfield><subfield code="a">TxDaM</subfield><subfield code="a">ViU</subfield></datafield><datafield ind1="2" ind2="0" tag="891"><subfield code="9">853</subfield><subfield code="8">1</subfield><subfield code="a">+ed.</subfield><subfield code="i">(year)</subfield><subfield code="w">a</subfield></datafield><datafield ind1="4" ind2="0" tag="891"><subfield code="9">863</subfield><subfield code="8">1.1</subfield><subfield code="a">1-131</subfield><subfield code="i">1878-2012</subfield></datafield><datafield ind1=" " ind2=" " tag="907"><subfield code="a">.b16684977</subfield><subfield code="b">08-26-15</subfield><subfield code="c">04-21-04</subfield></datafield><datafield ind1=" " ind2=" " tag="910"><subfield code="a">9999 04/2019</subfield></datafield><datafield ind1=" " ind2=" " tag="910"><subfield code="a">WorldShare UPDATED -- WorldCat Holdings 2017-12-13</subfield></datafield><datafield ind1=" " ind2=" " tag="938"><subfield code="a">Kirtas Technologies, Inc.</subfield><subfield code="b">KRTS</subfield><subfield code="n">395474</subfield></datafield><datafield ind1=" " ind2=" " tag="945"><subfield code="a">HA 202</subfield><subfield code="b">A1</subfield><subfield code="c">124th ed.(2004/05)</subfield><subfield code="g">2</subfield><subfield code="i">39090013176793</subfield><subfield code="l">none</subfield><subfield code="n">gs withdrawn per MS</subfield><subfield code="n">FY11</subfield><subfield code="o">n</subfield><subfield code="p">$0.00</subfield><subfield code="q">-</subfield><subfield code="r">-</subfield><subfield code="s">w</subfield><subfield code="t">0</subfield><subfield code="u">0</subfield><subfield code="v">0</subfield><subfield code="w">0</subfield><subfield code="x">0</subfield><subfield code="y">.i20651727</subfield><subfield code="z">06-11-10</subfield></datafield><datafield ind1=" " ind2=" " tag="945"><subfield code="a">HA202</subfield><subfield code="b">.A1</subfield><subfield code="c">126th ed.(2007)</subfield><subfield code="g">2</subfield><subfield code="i">39090013645318</subfield><subfield code="l">none</subfield><subfield code="n">gs withdrawn per MS</subfield><subfield code="o">n</subfield><subfield code="p">$0.00</subfield><subfield code="q">-</subfield><subfield code="r">-</subfield><subfield code="s">w</subfield><subfield code="t">0</subfield><subfield code="u">0</subfield><subfield code="v">0</subfield><subfield code="w">0</subfield><subfield code="x">0</subfield><subfield code="y">.i19408389</subfield><subfield code="z">02-02-07</subfield></datafield><datafield ind1=" " ind2=" " tag="945"><subfield code="a">HA202 .A1</subfield><subfield code="c">123rd ed.(2003)</subfield><subfield code="g">1</subfield><subfield code="i">39090012761074</subfield><subfield code="l">none</subfield><subfield code="n">gs withdrawn per MS</subfield><subfield code="o">n</subfield><subfield code="p">$0.00</subfield><subfield code="q">-</subfield><subfield code="r">-</subfield><subfield code="s">w</subfield><subfield code="t">0</subfield><subfield code="u">0</subfield><subfield code="v">0</subfield><subfield code="w">0</subfield><subfield code="x">0</subfield><subfield code="y">.i11600974</subfield><subfield code="z">04-26-04</subfield></datafield><datafield ind1=" " ind2=" " tag="945"><subfield code="c">130th ed.(2011)</subfield><subfield code="g">1</subfield><subfield code="i">39090014957076</subfield><subfield code="l">gs</subfield><subfield code="n">FY11</subfield><subfield code="o">-</subfield><subfield code="p">$0.00</subfield><subfield code="q">-</subfield><subfield code="r">-</subfield><subfield code="s">-</subfield><subfield code="t">0</subfield><subfield code="u">0</subfield><subfield code="v">0</subfield><subfield code="w">0</subfield><subfield code="x">0</subfield><subfield code="y">.i20844074</subfield><subfield code="z">01-05-11</subfield></datafield><datafield ind1=" " ind2=" " tag="945"><subfield code="a">HA 202</subfield><subfield code="b">A1</subfield><subfield code="c">123rd ed.(2003)</subfield><subfield code="g">2</subfield><subfield code="i">39090013050873</subfield><subfield code="l">gs</subfield><subfield code="n">FY11</subfield><subfield code="o">-</subfield><subfield code="p">$0.00</subfield><subfield code="q">-</subfield><subfield code="r">-</subfield><subfield code="s">-</subfield><subfield code="t">0</subfield><subfield code="u">0</subfield><subfield code="v">0</subfield><subfield code="w">0</subfield><subfield code="x">0</subfield><subfield code="y">.i20651739</subfield><subfield code="z">06-11-10</subfield></datafield><datafield ind1=" " ind2=" " tag="945"><subfield code="c">131st ed.(2012)</subfield><subfield code="g">1</subfield><subfield code="i">39090015744317</subfield><subfield code="l">gs</subfield><subfield code="n">FY12</subfield><subfield code="o">-</subfield><subfield code="p">$0.00</subfield><subfield code="q">-</subfield><subfield code="r">-</subfield><subfield code="s">-</subfield><subfield code="t">0</subfield><subfield code="u">0</subfield><subfield code="v">0</subfield><subfield code="w">0</subfield><subfield code="x">0</subfield><subfield code="y">.i21160843</subfield><subfield code="z">11-28-11</subfield></datafield><datafield ind1=" " ind2=" " tag="945"><subfield code="a">HA202</subfield><subfield code="b">.A1</subfield><subfield code="c">129th ed.(2010)</subfield><subfield code="g">1</subfield><subfield code="i">39090014806992</subfield><subfield code="l">gs</subfield><subfield code="o">-</subfield><subfield code="p">$0.00</subfield><subfield code="q">-</subfield><subfield code="r">-</subfield><subfield code="s">-</subfield><subfield code="t">0</subfield><subfield code="u">0</subfield><subfield code="v">0</subfield><subfield code="w">0</subfield><subfield code="x">0</subfield><subfield code="y">.i20492571</subfield><subfield code="z">01-05-10</subfield></datafield><datafield ind1=" " ind2=" " tag="945"><subfield code="c">128th ed.(2009)</subfield><subfield code="g">1</subfield><subfield code="i">39090015452879</subfield><subfield code="l">gs</subfield><subfield code="o">-</subfield><subfield code="p">$0.00</subfield><subfield code="q">-</subfield><subfield code="r">-</subfield><subfield code="s">-</subfield><subfield code="t">0</subfield><subfield code="u">0</subfield><subfield code="v">0</subfield><subfield code="w">0</subfield><subfield code="x">0</subfield><subfield code="y">.i20123966</subfield><subfield code="z">01-05-09</subfield></datafield><datafield ind1=" " ind2=" " tag="945"><subfield code="a">HA202</subfield><subfield code="b">.A1</subfield><subfield code="c">127th ed.(2008)</subfield><subfield code="g">1</subfield><subfield code="i">39090014377945</subfield><subfield code="l">gs</subfield><subfield code="o">-</subfield><subfield code="p">$0.00</subfield><subfield code="q">-</subfield><subfield code="r">-</subfield><subfield code="s">-</subfield><subfield code="t">0</subfield><subfield code="u">0</subfield><subfield code="v">0</subfield><subfield code="w">0</subfield><subfield code="x">0</subfield><subfield code="y">.i19769684</subfield><subfield code="z">02-05-08</subfield></datafield><datafield ind1=" " ind2=" " tag="945"><subfield code="a">HA202</subfield><subfield code="b">.A1</subfield><subfield code="c">126th ed.(2007)</subfield><subfield code="g">1</subfield><subfield code="i">39090014032938</subfield><subfield code="l">gs</subfield><subfield code="o">-</subfield><subfield code="p">$0.00</subfield><subfield code="q">-</subfield><subfield code="r">-</subfield><subfield code="s">-</subfield><subfield code="t">0</subfield><subfield code="u">0</subfield><subfield code="v">0</subfield><subfield code="w">0</subfield><subfield code="x">0</subfield><subfield code="y">.i19422416</subfield><subfield code="z">02-13-07</subfield></datafield><datafield ind1=" " ind2=" " tag="945"><subfield code="a">HA202</subfield><subfield code="b">.A1</subfield><subfield code="c">125th ed.(2006)</subfield><subfield code="g">1</subfield><subfield code="i">39090013482894</subfield><subfield code="l">gs</subfield><subfield code="o">-</subfield><subfield code="p">$0.00</subfield><subfield code="q">-</subfield><subfield code="r">-</subfield><subfield code="s">-</subfield><subfield code="t">0</subfield><subfield code="u">0</subfield><subfield code="v">0</subfield><subfield code="w">0</subfield><subfield code="x">0</subfield><subfield code="y">.i18986997</subfield><subfield code="z">12-29-05</subfield></datafield><datafield ind1=" " ind2=" " tag="945"><subfield code="a">HA202</subfield><subfield code="b">.A1</subfield><subfield code="c">124th ed.(2004/2005)</subfield><subfield code="g">1</subfield><subfield code="i">39090013160383</subfield><subfield code="l">gs</subfield><subfield code="o">-</subfield><subfield code="p">$0.00</subfield><subfield code="q">-</subfield><subfield code="r">-</subfield><subfield code="s">-</subfield><subfield code="t">0</subfield><subfield code="u">0</subfield><subfield code="v">0</subfield><subfield code="w">0</subfield><subfield code="x">0</subfield><subfield code="y">.i1858388x</subfield><subfield code="z">12-21-04</subfield></datafield><datafield ind1=" " ind2=" " tag="945"><subfield code="a">HA202 .A1</subfield><subfield code="c">122nd ed.(2002)</subfield><subfield code="g">1</subfield><subfield code="i">39090012516825</subfield><subfield code="l">gs</subfield><subfield code="o">-</subfield><subfield code="p">$0.00</subfield><subfield code="q">-</subfield><subfield code="r">-</subfield><subfield code="s">-</subfield><subfield code="t">0</subfield><subfield code="u">0</subfield><subfield code="v">0</subfield><subfield code="w">0</subfield><subfield code="x">0</subfield><subfield code="y">.i11600962</subfield><subfield code="z">04-26-04</subfield></datafield><datafield ind1=" " ind2=" " tag="945"><subfield code="a">HA202 .A1</subfield><subfield code="c">121st ed.(2001)</subfield><subfield code="g">1</subfield><subfield code="i">39090012185670</subfield><subfield code="l">gs</subfield><subfield code="o">-</subfield><subfield code="p">$0.00</subfield><subfield code="q">-</subfield><subfield code="r">-</subfield><subfield code="s">-</subfield><subfield code="t">0</subfield><subfield code="u">0</subfield><subfield code="v">0</subfield><subfield code="w">0</subfield><subfield code="x">0</subfield><subfield code="y">.i11600950</subfield><subfield code="z">04-26-04</subfield></datafield><datafield ind1=" " ind2=" " tag="945"><subfield code="a">HA202 .A1</subfield><subfield code="c">120th ed.(2000)</subfield><subfield code="g">1</subfield><subfield code="i">39090011891922</subfield><subfield code="l">gs</subfield><subfield code="o">-</subfield><subfield code="p">$0.00</subfield><subfield code="q">-</subfield><subfield code="r">-</subfield><subfield code="s">-</subfield><subfield code="t">0</subfield><subfield code="u">0</subfield><subfield code="v">0</subfield><subfield code="w">0</subfield><subfield code="x">0</subfield><subfield code="y">.i11600949</subfield><subfield code="z">04-26-04</subfield></datafield><datafield ind1=" " ind2=" " tag="945"><subfield code="a">HA202 .A1</subfield><subfield code="c">119th ed.(1999)</subfield><subfield code="g">1</subfield><subfield code="i">39090010740195</subfield><subfield code="l">gs</subfield><subfield code="o">-</subfield><subfield code="p">$0.00</subfield><subfield code="q">-</subfield><subfield code="r">-</subfield><subfield code="s">-</subfield><subfield code="t">0</subfield><subfield code="u">0</subfield><subfield code="v">0</subfield><subfield code="w">0</subfield><subfield code="x">0</subfield><subfield code="y">.i11600937</subfield><subfield code="z">04-26-04</subfield></datafield><datafield ind1=" " ind2=" " tag="945"><subfield code="a">HA202 .A1</subfield><subfield code="c">118th ed.(1998)</subfield><subfield code="g">1</subfield><subfield code="i">39090010740203</subfield><subfield code="l">gs</subfield><subfield code="o">-</subfield><subfield code="p">$0.00</subfield><subfield code="q">-</subfield><subfield code="r">-</subfield><subfield code="s">-</subfield><subfield code="t">0</subfield><subfield code="u">0</subfield><subfield code="v">0</subfield><subfield code="w">0</subfield><subfield code="x">0</subfield><subfield code="y">.i11600925</subfield><subfield code="z">04-26-04</subfield></datafield><datafield ind1=" " ind2=" " tag="945"><subfield code="a">HA202 .A1</subfield><subfield code="c">117th ed.(1997)</subfield><subfield code="g">1</subfield><subfield code="i">39090010283998</subfield><subfield code="l">gs</subfield><subfield code="o">-</subfield><subfield code="p">$0.00</subfield><subfield code="q">-</subfield><subfield code="r">-</subfield><subfield code="s">-</subfield><subfield code="t">0</subfield><subfield code="u">0</subfield><subfield code="v">0</subfield><subfield code="w">0</subfield><subfield code="x">0</subfield><subfield code="y">.i11600913</subfield><subfield code="z">04-26-04</subfield></datafield><datafield ind1=" " ind2=" " tag="945"><subfield code="a">HA202 .A1</subfield><subfield code="c">116th ed.(1996)</subfield><subfield code="g">1</subfield><subfield code="i">39090010284095</subfield><subfield code="l">gs</subfield><subfield code="o">-</subfield><subfield code="p">$0.00</subfield><subfield code="q">-</subfield><subfield code="r">-</subfield><subfield code="s">-</subfield><subfield code="t">0</subfield><subfield code="u">0</subfield><subfield code="v">0</subfield><subfield code="w">0</subfield><subfield code="x">0</subfield><subfield code="y">.i11600901</subfield><subfield code="z">04-26-04</subfield></datafield><datafield ind1=" " ind2=" " tag="945"><subfield code="a">HA202 .A1</subfield><subfield code="c">115th ed.(1995)</subfield><subfield code="g">1</subfield><subfield code="i">39090010287684</subfield><subfield code="l">gs</subfield><subfield code="o">-</subfield><subfield code="p">$0.00</subfield><subfield code="q">-</subfield><subfield code="r">-</subfield><subfield code="s">-</subfield><subfield code="t">0</subfield><subfield code="u">0</subfield><subfield code="v">0</subfield><subfield code="w">0</subfield><subfield code="x">0</subfield><subfield code="y">.i11600895</subfield><subfield code="z">04-26-04</subfield></datafield><datafield ind1=" " ind2=" " tag="945"><subfield code="a">HA202 .A1</subfield><subfield code="c">114th ed.(1994)</subfield><subfield code="g">1</subfield><subfield code="i">39090008029726</subfield><subfield code="l">gs</subfield><subfield code="o">-</subfield><subfield code="p">$0.00</subfield><subfield code="q">-</subfield><subfield code="r">-</subfield><subfield code="s">-</subfield><subfield code="t">0</subfield><subfield code="u">1</subfield><subfield code="v">0</subfield><subfield code="w">0</subfield><subfield code="x">0</subfield><subfield code="y">.i11600883</subfield><subfield code="z">04-26-04</subfield></datafield><datafield ind1=" " ind2=" " tag="945"><subfield code="a">HA202 .A1</subfield><subfield code="c">113th ed.(1993)</subfield><subfield code="g">1</subfield><subfield code="i">39090009722584</subfield><subfield code="l">gs</subfield><subfield code="o">-</subfield><subfield code="p">$0.00</subfield><subfield code="q">-</subfield><subfield code="r">-</subfield><subfield code="s">-</subfield><subfield code="t">0</subfield><subfield code="u">1</subfield><subfield code="v">0</subfield><subfield code="w">0</subfield><subfield code="x">0</subfield><subfield code="y">.i11600871</subfield><subfield code="z">04-26-04</subfield></datafield><datafield ind1=" " ind2=" " tag="945"><subfield code="a">HA202 .A1</subfield><subfield code="c">112th ed.(1992)</subfield><subfield code="g">1</subfield><subfield code="i">39090008005973</subfield><subfield code="l">gs</subfield><subfield code="o">-</subfield><subfield code="p">$0.00</subfield><subfield code="q">-</subfield><subfield code="r">-</subfield><subfield code="s">-</subfield><subfield code="t">0</subfield><subfield code="u">1</subfield><subfield code="v">0</subfield><subfield code="w">0</subfield><subfield code="x">0</subfield><subfield code="y">.i1160086x</subfield><subfield code="z">04-26-04</subfield></datafield><datafield ind1=" " ind2=" " tag="945"><subfield code="a">HA 202 A4</subfield><subfield code="c">2012</subfield><subfield code="g">1</subfield><subfield code="i">39090008743151</subfield><subfield code="l">hs</subfield><subfield code="o">-</subfield><subfield code="p">$0.00</subfield><subfield code="q">-</subfield><subfield code="r">-</subfield><subfield code="s">-</subfield><subfield code="t">0</subfield><subfield code="u">0</subfield><subfield code="v">0</subfield><subfield code="w">0</subfield><subfield code="x">0</subfield><subfield code="y">.i21180234</subfield><subfield code="z">12-14-11</subfield></datafield><datafield ind1=" " ind2=" " tag="945"><subfield code="a">HA 202 A4</subfield><subfield code="c">2011</subfield><subfield code="g">1</subfield><subfield code="i">39090008723393</subfield><subfield code="l">hs</subfield><subfield code="o">-</subfield><subfield code="p">$0.00</subfield><subfield code="q">-</subfield><subfield code="r">-</subfield><subfield code="s">-</subfield><subfield code="t">0</subfield><subfield code="u">0</subfield><subfield code="v">0</subfield><subfield code="w">0</subfield><subfield code="x">0</subfield><subfield code="y">.i20957403</subfield><subfield code="z">04-19-11</subfield></datafield><datafield ind1=" " ind2=" " tag="945"><subfield code="a">HA 202 A4</subfield><subfield code="c">2010</subfield><subfield code="g">1</subfield><subfield code="i">39090008699684</subfield><subfield code="l">hs</subfield><subfield code="o">-</subfield><subfield code="p">$0.00</subfield><subfield code="q">-</subfield><subfield code="r">-</subfield><subfield code="s">-</subfield><subfield code="t">0</subfield><subfield code="u">0</subfield><subfield code="v">0</subfield><subfield code="w">0</subfield><subfield code="x">0</subfield><subfield code="y">.i20537682</subfield><subfield code="z">02-22-10</subfield></datafield><datafield ind1=" " ind2=" " tag="945"><subfield code="a">HA 202 A4</subfield><subfield code="c">2009</subfield><subfield code="g">1</subfield><subfield code="i">39090005366501</subfield><subfield code="l">hs</subfield><subfield code="o">-</subfield><subfield code="p">$0.00</subfield><subfield code="q">-</subfield><subfield code="r">-</subfield><subfield code="s">-</subfield><subfield code="t">0</subfield><subfield code="u">0</subfield><subfield code="v">0</subfield><subfield code="w">0</subfield><subfield code="x">0</subfield><subfield code="y">.i20169139</subfield><subfield code="z">02-11-09</subfield></datafield><datafield ind1=" " ind2=" " tag="945"><subfield code="a">HA 202</subfield><subfield code="b">A4</subfield><subfield code="c">2008</subfield><subfield code="g">1</subfield><subfield code="i">39090009470283</subfield><subfield code="l">hs</subfield><subfield code="o">-</subfield><subfield code="p">$0.00</subfield><subfield code="q">-</subfield><subfield code="r">-</subfield><subfield code="s">-</subfield><subfield code="t">0</subfield><subfield code="u">0</subfield><subfield code="v">0</subfield><subfield code="w">0</subfield><subfield code="x">0</subfield><subfield code="y">.i19762434</subfield><subfield code="z">01-30-08</subfield></datafield><datafield ind1=" " ind2=" " tag="945"><subfield code="a">HA 202</subfield><subfield code="b">A4</subfield><subfield code="c">2007</subfield><subfield code="g">1</subfield><subfield code="i">39090009474947</subfield><subfield code="l">hs</subfield><subfield code="o">-</subfield><subfield code="p">$0.00</subfield><subfield code="q">-</subfield><subfield code="r">-</subfield><subfield code="s">-</subfield><subfield code="t">0</subfield><subfield code="u">0</subfield><subfield code="v">0</subfield><subfield code="w">0</subfield><subfield code="x">0</subfield><subfield code="y">.i19493745</subfield><subfield code="z">04-10-07</subfield></datafield><datafield ind1=" " ind2=" " tag="945"><subfield code="a">HA 202 A4</subfield><subfield code="c">2006</subfield><subfield code="g">1</subfield><subfield code="i">39090009472339</subfield><subfield code="l">hs</subfield><subfield code="o">-</subfield><subfield code="p">$0.00</subfield><subfield code="q">-</subfield><subfield code="r">-</subfield><subfield code="s">-</subfield><subfield code="t">0</subfield><subfield code="u">0</subfield><subfield code="v">0</subfield><subfield code="w">0</subfield><subfield code="x">0</subfield><subfield code="y">.i1903376x</subfield><subfield code="z">02-14-06</subfield></datafield><datafield ind1=" " ind2=" " tag="945"><subfield code="a">HA 202 A4</subfield><subfield code="c">2004</subfield><subfield code="g">1</subfield><subfield code="i">39090009457413</subfield><subfield code="l">hs</subfield><subfield code="o">-</subfield><subfield code="p">$0.00</subfield><subfield code="q">-</subfield><subfield code="r">-</subfield><subfield code="s">-</subfield><subfield code="t">0</subfield><subfield code="u">0</subfield><subfield code="v">0</subfield><subfield code="w">0</subfield><subfield code="x">0</subfield><subfield code="y">.i18591875</subfield><subfield code="z">12-29-04</subfield></datafield><datafield ind1=" " ind2=" " tag="945"><subfield code="a">HA 202 A4</subfield><subfield code="c">2003</subfield><subfield code="g">1</subfield><subfield code="i">39090010885370</subfield><subfield code="l">hs</subfield><subfield code="o">-</subfield><subfield code="p">$0.00</subfield><subfield code="q">-</subfield><subfield code="r">-</subfield><subfield code="s">-</subfield><subfield code="t">0</subfield><subfield code="u">0</subfield><subfield code="v">0</subfield><subfield code="w">0</subfield><subfield code="x">0</subfield><subfield code="y">.i11601152</subfield><subfield code="z">04-26-04</subfield></datafield><datafield ind1=" " ind2=" " tag="945"><subfield code="a">HA 202 A4</subfield><subfield code="c">2002</subfield><subfield code="g">1</subfield><subfield code="i">39090010876361</subfield><subfield code="l">hs</subfield><subfield code="o">-</subfield><subfield code="p">$0.00</subfield><subfield code="q">-</subfield><subfield code="r">-</subfield><subfield code="s">-</subfield><subfield code="t">0</subfield><subfield code="u">0</subfield><subfield code="v">0</subfield><subfield code="w">0</subfield><subfield code="x">0</subfield><subfield code="y">.i11601140</subfield><subfield code="z">04-26-04</subfield></datafield><datafield ind1=" " ind2=" " tag="945"><subfield code="a">HA 202 A4</subfield><subfield code="c">2001</subfield><subfield code="g">1</subfield><subfield code="i">39090010882831</subfield><subfield code="l">hs</subfield><subfield code="o">-</subfield><subfield code="p">$0.00</subfield><subfield code="q">-</subfield><subfield code="r">-</subfield><subfield code="s">-</subfield><subfield code="t">0</subfield><subfield code="u">0</subfield><subfield code="v">0</subfield><subfield code="w">0</subfield><subfield code="x">0</subfield><subfield code="y">.i11601139</subfield><subfield code="z">04-26-04</subfield></datafield><datafield ind1=" " ind2=" " tag="945"><subfield code="a">HA 202 A4</subfield><subfield code="c">2000</subfield><subfield code="g">1</subfield><subfield code="i">39090010864839</subfield><subfield code="l">hs</subfield><subfield code="o">-</subfield><subfield code="p">$0.00</subfield><subfield code="q">-</subfield><subfield code="r">-</subfield><subfield code="s">-</subfield><subfield code="t">0</subfield><subfield code="u">0</subfield><subfield code="v">0</subfield><subfield code="w">0</subfield><subfield code="x">0</subfield><subfield code="y">.i11601127</subfield><subfield code="z">04-26-04</subfield></datafield><datafield ind1=" " ind2=" " tag="945"><subfield code="a">HA 202 A4</subfield><subfield code="c">1999</subfield><subfield code="g">1</subfield><subfield code="i">39090010855746</subfield><subfield code="l">hs</subfield><subfield code="o">-</subfield><subfield code="p">$0.00</subfield><subfield code="q">-</subfield><subfield code="r">-</subfield><subfield code="s">-</subfield><subfield code="t">0</subfield><subfield code="u">0</subfield><subfield code="v">0</subfield><subfield code="w">0</subfield><subfield code="x">0</subfield><subfield code="y">.i11601115</subfield><subfield code="z">04-26-04</subfield></datafield><datafield ind1=" " ind2=" " tag="945"><subfield code="a">HA 202 A4</subfield><subfield code="c">1998</subfield><subfield code="g">1</subfield><subfield code="i">39090006952747</subfield><subfield code="l">hs</subfield><subfield code="o">-</subfield><subfield code="p">$0.00</subfield><subfield code="q">-</subfield><subfield code="r">-</subfield><subfield code="s">-</subfield><subfield code="t">0</subfield><subfield code="u">0</subfield><subfield code="v">0</subfield><subfield code="w">0</subfield><subfield code="x">0</subfield><subfield code="y">.i11601103</subfield><subfield code="z">04-26-04</subfield></datafield><datafield ind1=" " ind2=" " tag="945"><subfield code="a">HA 202 A4</subfield><subfield code="c">1997</subfield><subfield code="g">1</subfield><subfield code="i">39090008701183</subfield><subfield code="l">hs</subfield><subfield code="o">-</subfield><subfield code="p">$0.00</subfield><subfield code="q">-</subfield><subfield code="r">-</subfield><subfield code="s">-</subfield><subfield code="t">0</subfield><subfield code="u">0</subfield><subfield code="v">0</subfield><subfield code="w">0</subfield><subfield code="x">0</subfield><subfield code="y">.i11601097</subfield><subfield code="z">04-26-04</subfield></datafield><datafield ind1=" " ind2=" " tag="945"><subfield code="a">HA 202 A4</subfield><subfield code="c">1996</subfield><subfield code="g">1</subfield><subfield code="i">39090008561405</subfield><subfield code="l">hs</subfield><subfield code="o">-</subfield><subfield code="p">$0.00</subfield><subfield code="q">-</subfield><subfield code="r">-</subfield><subfield code="s">-</subfield><subfield code="t">0</subfield><subfield code="u">0</subfield><subfield code="v">0</subfield><subfield code="w">0</subfield><subfield code="x">0</subfield><subfield code="y">.i11601085</subfield><subfield code="z">04-26-04</subfield></datafield><datafield ind1=" " ind2=" " tag="945"><subfield code="a">HA 202 A4</subfield><subfield code="c">1995</subfield><subfield code="g">1</subfield><subfield code="i">39090008538676</subfield><subfield code="l">hs</subfield><subfield code="o">-</subfield><subfield code="p">$0.00</subfield><subfield code="q">-</subfield><subfield code="r">-</subfield><subfield code="s">-</subfield><subfield code="t">0</subfield><subfield code="u">0</subfield><subfield code="v">0</subfield><subfield code="w">0</subfield><subfield code="x">0</subfield><subfield code="y">.i11601073</subfield><subfield code="z">04-26-04</subfield></datafield><datafield ind1=" " ind2=" " tag="945"><subfield code="a">HA 202 A4</subfield><subfield code="c">1994</subfield><subfield code="g">1</subfield><subfield code="i">39090008545242</subfield><subfield code="l">hs</subfield><subfield code="o">-</subfield><subfield code="p">$0.00</subfield><subfield code="q">-</subfield><subfield code="r">-</subfield><subfield code="s">-</subfield><subfield code="t">0</subfield><subfield code="u">0</subfield><subfield code="v">0</subfield><subfield code="w">0</subfield><subfield code="x">0</subfield><subfield code="y">.i11601061</subfield><subfield code="z">04-26-04</subfield></datafield><datafield ind1=" " ind2=" " tag="945"><subfield code="a">HA 202 A4</subfield><subfield code="c">1993</subfield><subfield code="g">1</subfield><subfield code="i">39090008542348</subfield><subfield code="l">hs</subfield><subfield code="o">-</subfield><subfield code="p">$0.00</subfield><subfield code="q">-</subfield><subfield code="r">-</subfield><subfield code="s">-</subfield><subfield code="t">0</subfield><subfield code="u">0</subfield><subfield code="v">0</subfield><subfield code="w">0</subfield><subfield code="x">0</subfield><subfield code="y">.i1160105x</subfield><subfield code="z">04-26-04</subfield></datafield><datafield ind1=" " ind2=" " tag="945"><subfield code="a">HA 202 A4</subfield><subfield code="c">1991</subfield><subfield code="g">1</subfield><subfield code="i">39090005243502</subfield><subfield code="l">hs</subfield><subfield code="o">-</subfield><subfield code="p">$0.00</subfield><subfield code="q">-</subfield><subfield code="r">-</subfield><subfield code="s">-</subfield><subfield code="t">0</subfield><subfield code="u">0</subfield><subfield code="v">0</subfield><subfield code="w">0</subfield><subfield code="x">0</subfield><subfield code="y">.i11601048</subfield><subfield code="z">04-26-04</subfield></datafield><datafield ind1=" " ind2=" " tag="945"><subfield code="a">HA 202 A4</subfield><subfield code="c">1990</subfield><subfield code="g">1</subfield><subfield code="i">39090005741869</subfield><subfield code="l">hs</subfield><subfield code="o">-</subfield><subfield code="p">$0.00</subfield><subfield code="q">-</subfield><subfield code="r">-</subfield><subfield code="s">-</subfield><subfield code="t">0</subfield><subfield code="u">0</subfield><subfield code="v">0</subfield><subfield code="w">0</subfield><subfield code="x">0</subfield><subfield code="y">.i11601036</subfield><subfield code="z">04-26-04</subfield></datafield><datafield ind1=" " ind2=" " tag="945"><subfield code="a">HA 202 A4</subfield><subfield code="c">1989</subfield><subfield code="g">1</subfield><subfield code="i">39090005257577</subfield><subfield code="l">hs</subfield><subfield code="o">-</subfield><subfield code="p">$0.00</subfield><subfield code="q">-</subfield><subfield code="r">-</subfield><subfield code="s">-</subfield><subfield code="t">0</subfield><subfield code="u">0</subfield><subfield code="v">0</subfield><subfield code="w">0</subfield><subfield code="x">0</subfield><subfield code="y">.i11601024</subfield><subfield code="z">04-26-04</subfield></datafield><datafield ind1=" " ind2=" " tag="945"><subfield code="a">HA 202 A4</subfield><subfield code="c">1988</subfield><subfield code="g">1</subfield><subfield code="i">39090005272170</subfield><subfield code="l">hs</subfield><subfield code="o">-</subfield><subfield code="p">$0.00</subfield><subfield code="q">-</subfield><subfield code="r">-</subfield><subfield code="s">-</subfield><subfield code="t">0</subfield><subfield code="u">0</subfield><subfield code="v">0</subfield><subfield code="w">0</subfield><subfield code="x">0</subfield><subfield code="y">.i11601012</subfield><subfield code="z">04-26-04</subfield></datafield><datafield ind1=" " ind2=" " tag="945"><subfield code="a">HA 202 A4</subfield><subfield code="c">1987</subfield><subfield code="g">1</subfield><subfield code="i">39090005174657</subfield><subfield code="l">hs</subfield><subfield code="o">-</subfield><subfield code="p">$0.00</subfield><subfield code="q">-</subfield><subfield code="r">-</subfield><subfield code="s">-</subfield><subfield code="t">0</subfield><subfield code="u">0</subfield><subfield code="v">0</subfield><subfield code="w">0</subfield><subfield code="x">0</subfield><subfield code="y">.i11601000</subfield><subfield code="z">04-26-04</subfield></datafield><datafield ind1=" " ind2=" " tag="945"><subfield code="a">HA 202 A4</subfield><subfield code="c">1986</subfield><subfield code="g">1</subfield><subfield code="i">39090004862773</subfield><subfield code="l">hs</subfield><subfield code="o">-</subfield><subfield code="p">$0.00</subfield><subfield code="q">-</subfield><subfield code="r">-</subfield><subfield code="s">-</subfield><subfield code="t">0</subfield><subfield code="u">0</subfield><subfield code="v">0</subfield><subfield code="w">0</subfield><subfield code="x">0</subfield><subfield code="y">.i11600998</subfield><subfield code="z">04-26-04</subfield></datafield><datafield ind1=" " ind2=" " tag="945"><subfield code="a">HA 202 A4</subfield><subfield code="c">1985</subfield><subfield code="g">1</subfield><subfield code="i">39090004862294</subfield><subfield code="l">hs</subfield><subfield code="o">-</subfield><subfield code="p">$0.00</subfield><subfield code="q">-</subfield><subfield code="r">-</subfield><subfield code="s">-</subfield><subfield code="t">0</subfield><subfield code="u">0</subfield><subfield code="v">0</subfield><subfield code="w">0</subfield><subfield code="x">0</subfield><subfield code="y">.i11600986</subfield><subfield code="z">04-26-04</subfield></datafield><datafield ind1=" " ind2=" " tag="945"><subfield code="a">HA 202</subfield><subfield code="b">A4 2013</subfield><subfield code="g">1</subfield><subfield code="i">39090008720621</subfield><subfield code="l">hrd</subfield><subfield code="o">-</subfield><subfield code="p">$0.00</subfield><subfield code="q">-</subfield><subfield code="r">-</subfield><subfield code="s">o</subfield><subfield code="t">0</subfield><subfield code="u">0</subfield><subfield code="v">0</subfield><subfield code="w">0</subfield><subfield code="x">0</subfield><subfield code="y">.i21890870</subfield><subfield code="z">11-05-13</subfield></datafield><datafield ind1=" " ind2=" " tag="945"><subfield code="c">2013</subfield><subfield code="g">1</subfield><subfield code="i">39090016315034</subfield><subfield code="l">ts</subfield><subfield code="n">FY13</subfield><subfield code="o">-</subfield><subfield code="p">$0.00</subfield><subfield code="q">-</subfield><subfield code="r">-</subfield><subfield code="s">-</subfield><subfield code="t">0</subfield><subfield code="u">0</subfield><subfield code="v">0</subfield><subfield code="w">0</subfield><subfield code="x">0</subfield><subfield code="y">.i21647288</subfield><subfield code="z">02-15-13</subfield></datafield><datafield ind1=" " ind2=" " tag="945"><subfield code="c">2012</subfield><subfield code="g">1</subfield><subfield code="i">39090015729870</subfield><subfield code="l">ts</subfield><subfield code="n">FY12</subfield><subfield code="o">-</subfield><subfield code="p">$0.00</subfield><subfield code="q">-</subfield><subfield code="r">-</subfield><subfield code="s">-</subfield><subfield code="t">0</subfield><subfield code="u">1</subfield><subfield code="v">0</subfield><subfield code="w">1</subfield><subfield code="x">0</subfield><subfield code="y">.i21112198</subfield><subfield code="z">10-19-11</subfield></datafield><datafield ind1=" " ind2=" " tag="945"><subfield code="c">2011</subfield><subfield code="g">1</subfield><subfield code="i">39090014957068</subfield><subfield code="l">ts</subfield><subfield code="n">FY11</subfield><subfield code="o">-</subfield><subfield code="p">$0.00</subfield><subfield code="q">-</subfield><subfield code="r">-</subfield><subfield code="s">-</subfield><subfield code="t">0</subfield><subfield code="u">0</subfield><subfield code="v">0</subfield><subfield code="w">0</subfield><subfield code="x">0</subfield><subfield code="y">.i20844086</subfield><subfield code="z">01-05-11</subfield></datafield><datafield ind1=" " ind2=" " tag="945"><subfield code="a">HA202</subfield><subfield code="b">.A1</subfield><subfield code="c">2011</subfield><subfield code="g">2</subfield><subfield code="i">39090015183656</subfield><subfield code="l">ts</subfield><subfield code="n">FY11</subfield><subfield code="o">-</subfield><subfield code="p">$0.00</subfield><subfield code="q">-</subfield><subfield code="r">-</subfield><subfield code="s">-</subfield><subfield code="t">0</subfield><subfield code="u">2</subfield><subfield code="v">1</subfield><subfield code="w">0</subfield><subfield code="x">2</subfield><subfield code="y">.i20886615</subfield><subfield code="z">02-14-11</subfield></datafield><datafield ind1=" " ind2=" " tag="945"><subfield code="c">2010</subfield><subfield code="g">1</subfield><subfield code="i">39090014820084</subfield><subfield code="l">ts</subfield><subfield code="o">-</subfield><subfield code="p">$0.00</subfield><subfield code="q">-</subfield><subfield code="r">-</subfield><subfield code="s">-</subfield><subfield code="t">0</subfield><subfield code="u">0</subfield><subfield code="v">0</subfield><subfield code="w">0</subfield><subfield code="x">0</subfield><subfield code="y">.i20523348</subfield><subfield code="z">02-09-10</subfield></datafield><datafield ind1=" " ind2=" " tag="945"><subfield code="a">HA202</subfield><subfield code="b">.A1</subfield><subfield code="c">2009</subfield><subfield code="g">1</subfield><subfield code="i">39090015497197</subfield><subfield code="l">ts</subfield><subfield code="o">-</subfield><subfield code="p">$0.00</subfield><subfield code="q">-</subfield><subfield code="r">-</subfield><subfield code="s">-</subfield><subfield code="t">0</subfield><subfield code="u">0</subfield><subfield code="v">0</subfield><subfield code="w">0</subfield><subfield code="x">0</subfield><subfield code="y">.i20177525</subfield><subfield code="z">02-18-09</subfield></datafield><datafield ind1=" " ind2=" " tag="945"><subfield code="a">HA202</subfield><subfield code="b">.A1</subfield><subfield code="c">2008</subfield><subfield code="g">1</subfield><subfield code="i">39090014397877</subfield><subfield code="l">ts</subfield><subfield code="o">-</subfield><subfield code="p">$0.00</subfield><subfield code="q">-</subfield><subfield code="r">-</subfield><subfield code="s">-</subfield><subfield code="t">0</subfield><subfield code="u">0</subfield><subfield code="v">0</subfield><subfield code="w">0</subfield><subfield code="x">0</subfield><subfield code="y">.i19840044</subfield><subfield code="z">04-07-08</subfield></datafield><datafield ind1=" " ind2=" " tag="945"><subfield code="a">HA202</subfield><subfield code="b">.A1</subfield><subfield code="c">2007</subfield><subfield code="g">1</subfield><subfield code="i">39090013943309</subfield><subfield code="l">ts</subfield><subfield code="o">-</subfield><subfield code="p">$0.00</subfield><subfield code="q">-</subfield><subfield code="r">-</subfield><subfield code="s">-</subfield><subfield code="t">0</subfield><subfield code="u">0</subfield><subfield code="v">0</subfield><subfield code="w">0</subfield><subfield code="x">0</subfield><subfield code="y">.i19537955</subfield><subfield code="z">05-21-07</subfield></datafield><datafield ind1=" " ind2=" " tag="945"><subfield code="a">HA202</subfield><subfield code="b">.A1</subfield><subfield code="c">2006</subfield><subfield code="g">1</subfield><subfield code="i">39090013802976</subfield><subfield code="l">ts</subfield><subfield code="o">-</subfield><subfield code="p">$0.00</subfield><subfield code="q">-</subfield><subfield code="r">-</subfield><subfield code="s">-</subfield><subfield code="t">0</subfield><subfield code="u">0</subfield><subfield code="v">0</subfield><subfield code="w">0</subfield><subfield code="x">0</subfield><subfield code="y">.i19078274</subfield><subfield code="z">03-28-06</subfield></datafield><datafield ind1=" " ind2=" " tag="945"><subfield code="a">HA202</subfield><subfield code="b">.A1</subfield><subfield code="c">2004/2005</subfield><subfield code="g">1</subfield><subfield code="i">39090013162371</subfield><subfield code="l">ts</subfield><subfield code="o">-</subfield><subfield code="p">$0.00</subfield><subfield code="q">-</subfield><subfield code="r">-</subfield><subfield code="s">-</subfield><subfield code="t">0</subfield><subfield code="u">0</subfield><subfield code="v">0</subfield><subfield code="w">0</subfield><subfield code="x">0</subfield><subfield code="y">.i18616379</subfield><subfield code="z">01-19-05</subfield></datafield><datafield ind1=" " ind2=" " tag="945"><subfield code="a">HA202 .A1</subfield><subfield code="c">2003</subfield><subfield code="g">1</subfield><subfield code="i">39090012759813</subfield><subfield code="l">ts</subfield><subfield code="o">-</subfield><subfield code="p">$0.00</subfield><subfield code="q">-</subfield><subfield code="r">-</subfield><subfield code="s">-</subfield><subfield code="t">0</subfield><subfield code="u">0</subfield><subfield code="v">0</subfield><subfield code="w">0</subfield><subfield code="x">0</subfield><subfield code="y">.i11600846</subfield><subfield code="z">04-26-04</subfield></datafield><datafield ind1=" " ind2=" " tag="945"><subfield code="a">HA202 .A1</subfield><subfield code="c">2002</subfield><subfield code="g">1</subfield><subfield code="i">39090012521056</subfield><subfield code="l">ts</subfield><subfield code="o">-</subfield><subfield code="p">$0.00</subfield><subfield code="q">-</subfield><subfield code="r">-</subfield><subfield code="s">-</subfield><subfield code="t">0</subfield><subfield code="u">0</subfield><subfield code="v">0</subfield><subfield code="w">0</subfield><subfield code="x">0</subfield><subfield code="y">.i11599716</subfield><subfield code="z">04-26-04</subfield></datafield><datafield ind1=" " ind2=" " tag="945"><subfield code="a">HA202 .A1</subfield><subfield code="c">2001</subfield><subfield code="g">1</subfield><subfield code="i">39090012191660</subfield><subfield code="l">ts</subfield><subfield code="o">-</subfield><subfield code="p">$0.00</subfield><subfield code="q">-</subfield><subfield code="r">-</subfield><subfield code="s">-</subfield><subfield code="t">0</subfield><subfield code="u">0</subfield><subfield code="v">0</subfield><subfield code="w">0</subfield><subfield code="x">0</subfield><subfield code="y">.i11599704</subfield><subfield code="z">04-26-04</subfield></datafield><datafield ind1=" " ind2=" " tag="945"><subfield code="a">HA202 .A1</subfield><subfield code="c">2000</subfield><subfield code="g">1</subfield><subfield code="i">39090012739179</subfield><subfield code="l">ts</subfield><subfield code="o">-</subfield><subfield code="p">$0.00</subfield><subfield code="q">-</subfield><subfield code="r">-</subfield><subfield code="s">-</subfield><subfield code="t">0</subfield><subfield code="u">1</subfield><subfield code="v">0</subfield><subfield code="w">1</subfield><subfield code="x">0</subfield><subfield code="y">.i11599698</subfield><subfield code="z">04-26-04</subfield></datafield><datafield ind1=" " ind2=" " tag="945"><subfield code="a">HA202 .A1</subfield><subfield code="c">1999</subfield><subfield code="g">1</subfield><subfield code="i">39090011606288</subfield><subfield code="l">ts</subfield><subfield code="o">-</subfield><subfield code="p">$0.00</subfield><subfield code="q">-</subfield><subfield code="r">-</subfield><subfield code="s">-</subfield><subfield code="t">0</subfield><subfield code="u">0</subfield><subfield code="v">0</subfield><subfield code="w">0</subfield><subfield code="x">0</subfield><subfield code="y">.i11600834</subfield><subfield code="z">04-26-04</subfield></datafield><datafield ind1=" " ind2=" " tag="945"><subfield code="a">HA202 .A1</subfield><subfield code="c">1998</subfield><subfield code="g">1</subfield><subfield code="i">39090011707573</subfield><subfield code="l">ts</subfield><subfield code="o">-</subfield><subfield code="p">$0.00</subfield><subfield code="q">-</subfield><subfield code="r">-</subfield><subfield code="s">-</subfield><subfield code="t">0</subfield><subfield code="u">4</subfield><subfield code="v">0</subfield><subfield code="w">0</subfield><subfield code="x">0</subfield><subfield code="y">.i11600822</subfield><subfield code="z">04-26-04</subfield></datafield><datafield ind1=" " ind2=" " tag="945"><subfield code="a">HA202 .A1</subfield><subfield code="c">1997</subfield><subfield code="g">1</subfield><subfield code="i">39090011195837</subfield><subfield code="l">ts</subfield><subfield code="o">-</subfield><subfield code="p">$0.00</subfield><subfield code="q">-</subfield><subfield code="r">-</subfield><subfield code="s">-</subfield><subfield code="t">0</subfield><subfield code="u">1</subfield><subfield code="v">0</subfield><subfield code="w">0</subfield><subfield code="x">0</subfield><subfield code="y">.i11600810</subfield><subfield code="z">04-26-04</subfield></datafield><datafield ind1=" " ind2=" " tag="945"><subfield code="a">HA202 .A1</subfield><subfield code="c">1996</subfield><subfield code="g">1</subfield><subfield code="i">39090010945927</subfield><subfield code="l">ts</subfield><subfield code="o">-</subfield><subfield code="p">$0.00</subfield><subfield code="q">-</subfield><subfield code="r">-</subfield><subfield code="s">-</subfield><subfield code="t">0</subfield><subfield code="u">3</subfield><subfield code="v">0</subfield><subfield code="w">0</subfield><subfield code="x">0</subfield><subfield code="y">.i11600809</subfield><subfield code="z">04-26-04</subfield></datafield><datafield ind1=" " ind2=" " tag="945"><subfield code="a">HA202 .A1</subfield><subfield code="c">1995</subfield><subfield code="g">1</subfield><subfield code="i">39090007862986</subfield><subfield code="l">ts</subfield><subfield code="o">-</subfield><subfield code="p">$0.00</subfield><subfield code="q">-</subfield><subfield code="r">-</subfield><subfield code="s">-</subfield><subfield code="t">0</subfield><subfield code="u">4</subfield><subfield code="v">0</subfield><subfield code="w">0</subfield><subfield code="x">0</subfield><subfield code="y">.i11600792</subfield><subfield code="z">04-26-04</subfield></datafield><datafield ind1=" " ind2=" " tag="945"><subfield code="a">HA202 .A1</subfield><subfield code="c">1994</subfield><subfield code="g">1</subfield><subfield code="i">39090010799779</subfield><subfield code="l">ts</subfield><subfield code="o">-</subfield><subfield code="p">$0.00</subfield><subfield code="q">-</subfield><subfield code="r">-</subfield><subfield code="s">-</subfield><subfield code="t">0</subfield><subfield code="u">2</subfield><subfield code="v">0</subfield><subfield code="w">0</subfield><subfield code="x">0</subfield><subfield code="y">.i11600780</subfield><subfield code="z">04-26-04</subfield></datafield><datafield ind1=" " ind2=" " tag="945"><subfield code="a">HA202 .A1</subfield><subfield code="c">1993</subfield><subfield code="g">1</subfield><subfield code="i">39090010196034</subfield><subfield code="l">ts</subfield><subfield code="o">-</subfield><subfield code="p">$0.00</subfield><subfield code="q">-</subfield><subfield code="r">-</subfield><subfield code="s">-</subfield><subfield code="t">0</subfield><subfield code="u">3</subfield><subfield code="v">0</subfield><subfield code="w">0</subfield><subfield code="x">0</subfield><subfield code="y">.i11600779</subfield><subfield code="z">04-26-04</subfield></datafield><datafield ind1=" " ind2=" " tag="945"><subfield code="a">HA202 .A1</subfield><subfield code="c">1992</subfield><subfield code="g">1</subfield><subfield code="i">39090009795192</subfield><subfield code="l">ts</subfield><subfield code="o">-</subfield><subfield code="p">$0.00</subfield><subfield code="q">-</subfield><subfield code="r">-</subfield><subfield code="s">-</subfield><subfield code="t">0</subfield><subfield code="u">10</subfield><subfield code="v">0</subfield><subfield code="w">0</subfield><subfield code="x">0</subfield><subfield code="y">.i11600767</subfield><subfield code="z">04-26-04</subfield></datafield><datafield ind1=" " ind2=" " tag="945"><subfield code="a">HA202 .A1</subfield><subfield code="c">1991</subfield><subfield code="g">1</subfield><subfield code="i">39090009626124</subfield><subfield code="l">ts</subfield><subfield code="o">-</subfield><subfield code="p">$0.00</subfield><subfield code="q">-</subfield><subfield code="r">-</subfield><subfield code="s">-</subfield><subfield code="t">0</subfield><subfield code="u">13</subfield><subfield code="v">0</subfield><subfield code="w">0</subfield><subfield code="x">0</subfield><subfield code="y">.i11600755</subfield><subfield code="z">04-26-04</subfield></datafield><datafield ind1=" " ind2=" " tag="945"><subfield code="a">HA202 .A1</subfield><subfield code="c">1990</subfield><subfield code="g">1</subfield><subfield code="i">39090008813665</subfield><subfield code="l">ts</subfield><subfield code="o">-</subfield><subfield code="p">$0.00</subfield><subfield code="q">-</subfield><subfield code="r">-</subfield><subfield code="s">-</subfield><subfield code="t">0</subfield><subfield code="u">10</subfield><subfield code="v">0</subfield><subfield code="w">0</subfield><subfield code="x">1</subfield><subfield code="y">.i11600743</subfield><subfield code="z">04-26-04</subfield></datafield><datafield ind1=" " ind2=" " tag="945"><subfield code="a">HA202 .A1</subfield><subfield code="c">1989</subfield><subfield code="g">1</subfield><subfield code="i">39090008195824</subfield><subfield code="l">ts</subfield><subfield code="o">-</subfield><subfield code="p">$0.00</subfield><subfield code="q">-</subfield><subfield code="r">-</subfield><subfield code="s">-</subfield><subfield code="t">0</subfield><subfield code="u">4</subfield><subfield code="v">0</subfield><subfield code="w">0</subfield><subfield code="x">0</subfield><subfield code="y">.i11600731</subfield><subfield code="z">04-26-04</subfield></datafield><datafield ind1=" " ind2=" " tag="945"><subfield code="a">HA202 .A1</subfield><subfield code="c">1988</subfield><subfield code="g">1</subfield><subfield code="i">39090011805682</subfield><subfield code="l">ts</subfield><subfield code="o">-</subfield><subfield code="p">$0.00</subfield><subfield code="q">-</subfield><subfield code="r">-</subfield><subfield code="s">-</subfield><subfield code="t">0</subfield><subfield code="u">3</subfield><subfield code="v">0</subfield><subfield code="w">0</subfield><subfield code="x">0</subfield><subfield code="y">.i1160072x</subfield><subfield code="z">04-26-04</subfield></datafield><datafield ind1=" " ind2=" " tag="945"><subfield code="a">HA202 .A1</subfield><subfield code="c">1987</subfield><subfield code="g">1</subfield><subfield code="i">39090001300397</subfield><subfield code="l">ts</subfield><subfield code="o">-</subfield><subfield code="p">$0.00</subfield><subfield code="q">-</subfield><subfield code="r">-</subfield><subfield code="s">-</subfield><subfield code="t">0</subfield><subfield code="u">0</subfield><subfield code="v">0</subfield><subfield code="w">0</subfield><subfield code="x">0</subfield><subfield code="y">.i11600718</subfield><subfield code="z">04-26-04</subfield></datafield><datafield ind1=" " ind2=" " tag="945"><subfield code="a">HA202 .A1</subfield><subfield code="c">1986</subfield><subfield code="g">1</subfield><subfield code="i">39090005664814</subfield><subfield code="l">ts</subfield><subfield code="o">-</subfield><subfield code="p">$0.00</subfield><subfield code="q">-</subfield><subfield code="r">-</subfield><subfield code="s">-</subfield><subfield code="t">0</subfield><subfield code="u">0</subfield><subfield code="v">0</subfield><subfield code="w">0</subfield><subfield code="x">0</subfield><subfield code="y">.i11600706</subfield><subfield code="z">04-26-04</subfield></datafield><datafield ind1=" " ind2=" " tag="945"><subfield code="a">HA202 .A1</subfield><subfield code="c">1985</subfield><subfield code="g">1</subfield><subfield code="i">39090005664806</subfield><subfield code="l">ts</subfield><subfield code="o">-</subfield><subfield code="p">$0.00</subfield><subfield code="q">-</subfield><subfield code="r">-</subfield><subfield code="s">-</subfield><subfield code="t">0</subfield><subfield code="u">3</subfield><subfield code="v">0</subfield><subfield code="w">0</subfield><subfield code="x">0</subfield><subfield code="y">.i1160069x</subfield><subfield code="z">04-26-04</subfield></datafield><datafield ind1=" " ind2=" " tag="945"><subfield code="a">HA202 .A1</subfield><subfield code="c">1984</subfield><subfield code="g">1</subfield><subfield code="i">39090005664798</subfield><subfield code="l">ts</subfield><subfield code="o">-</subfield><subfield code="p">$0.00</subfield><subfield code="q">-</subfield><subfield code="r">-</subfield><subfield code="s">-</subfield><subfield code="t">0</subfield><subfield code="u">0</subfield><subfield code="v">0</subfield><subfield code="w">0</subfield><subfield code="x">0</subfield><subfield code="y">.i11600688</subfield><subfield code="z">04-26-04</subfield></datafield><datafield ind1=" " ind2=" " tag="945"><subfield code="a">HA202 .A1</subfield><subfield code="c">1982/83</subfield><subfield code="g">1</subfield><subfield code="i">39090011413180</subfield><subfield code="l">ts</subfield><subfield code="o">-</subfield><subfield code="p">$0.00</subfield><subfield code="q">-</subfield><subfield code="r">-</subfield><subfield code="s">-</subfield><subfield code="t">0</subfield><subfield code="u">1</subfield><subfield code="v">0</subfield><subfield code="w">0</subfield><subfield code="x">0</subfield><subfield code="y">.i11600676</subfield><subfield code="z">04-26-04</subfield></datafield><datafield ind1=" " ind2=" " tag="945"><subfield code="a">HA202 .A1</subfield><subfield code="c">1981</subfield><subfield code="g">1</subfield><subfield code="i">39090005664772</subfield><subfield code="l">ts</subfield><subfield code="o">-</subfield><subfield code="p">$0.00</subfield><subfield code="q">-</subfield><subfield code="r">-</subfield><subfield code="s">-</subfield><subfield code="t">0</subfield><subfield code="u">11</subfield><subfield code="v">1</subfield><subfield code="w">0</subfield><subfield code="x">1</subfield><subfield code="y">.i11600664</subfield><subfield code="z">04-26-04</subfield></datafield><datafield ind1=" " ind2=" " tag="945"><subfield code="a">HA202 .A1</subfield><subfield code="c">1980</subfield><subfield code="g">1</subfield><subfield code="i">39090012145617</subfield><subfield code="l">ts</subfield><subfield code="o">-</subfield><subfield code="p">$0.00</subfield><subfield code="q">-</subfield><subfield code="r">-</subfield><subfield code="s">-</subfield><subfield code="t">0</subfield><subfield code="u">2</subfield><subfield code="v">0</subfield><subfield code="w">0</subfield><subfield code="x">0</subfield><subfield code="y">.i11600652</subfield><subfield code="z">04-26-04</subfield></datafield><datafield ind1=" " ind2=" " tag="945"><subfield code="a">HA202 .A1</subfield><subfield code="c">1979</subfield><subfield code="g">1</subfield><subfield code="i">39090010196042</subfield><subfield code="l">ts</subfield><subfield code="o">-</subfield><subfield code="p">$0.00</subfield><subfield code="q">-</subfield><subfield code="r">-</subfield><subfield code="s">-</subfield><subfield code="t">0</subfield><subfield code="u">1</subfield><subfield code="v">1</subfield><subfield code="w">0</subfield><subfield code="x">1</subfield><subfield code="y">.i11600640</subfield><subfield code="z">04-26-04</subfield></datafield><datafield ind1=" " ind2=" " tag="945"><subfield code="a">HA202 .A1</subfield><subfield code="c">1978</subfield><subfield code="g">1</subfield><subfield code="i">39090005664749</subfield><subfield code="l">ts</subfield><subfield code="o">-</subfield><subfield code="p">$0.00</subfield><subfield code="q">-</subfield><subfield code="r">-</subfield><subfield code="s">-</subfield><subfield code="t">0</subfield><subfield code="u">0</subfield><subfield code="v">0</subfield><subfield code="w">0</subfield><subfield code="x">0</subfield><subfield code="y">.i11600639</subfield><subfield code="z">04-26-04</subfield></datafield><datafield ind1=" " ind2=" " tag="945"><subfield code="a">HA202 .A1</subfield><subfield code="c">1977</subfield><subfield code="g">1</subfield><subfield code="i">39090006999029</subfield><subfield code="l">ts</subfield><subfield code="o">-</subfield><subfield code="p">$0.00</subfield><subfield code="q">-</subfield><subfield code="r">-</subfield><subfield code="s">-</subfield><subfield code="t">0</subfield><subfield code="u">0</subfield><subfield code="v">0</subfield><subfield code="w">0</subfield><subfield code="x">0</subfield><subfield code="y">.i11600627</subfield><subfield code="z">04-26-04</subfield></datafield><datafield ind1=" " ind2=" " tag="945"><subfield code="a">HA202 .A1</subfield><subfield code="c">1976</subfield><subfield code="g">1</subfield><subfield code="i">39090011029481</subfield><subfield code="l">ts</subfield><subfield code="o">-</subfield><subfield code="p">$0.00</subfield><subfield code="q">-</subfield><subfield code="r">-</subfield><subfield code="s">-</subfield><subfield code="t">0</subfield><subfield code="u">1</subfield><subfield code="v">1</subfield><subfield code="w">0</subfield><subfield code="x">1</subfield><subfield code="y">.i11600615</subfield><subfield code="z">04-26-04</subfield></datafield><datafield ind1=" " ind2=" " tag="945"><subfield code="a">HA202 .A1</subfield><subfield code="c">1975</subfield><subfield code="g">1</subfield><subfield code="i">39090001300298</subfield><subfield code="l">ts</subfield><subfield code="o">-</subfield><subfield code="p">$0.00</subfield><subfield code="q">-</subfield><subfield code="r">-</subfield><subfield code="s">-</subfield><subfield code="t">0</subfield><subfield code="u">1</subfield><subfield code="v">0</subfield><subfield code="w">0</subfield><subfield code="x">0</subfield><subfield code="y">.i11600603</subfield><subfield code="z">04-26-04</subfield></datafield><datafield ind1=" " ind2=" " tag="945"><subfield code="a">HA202 .A1</subfield><subfield code="c">1974</subfield><subfield code="g">1</subfield><subfield code="i">39090005664715</subfield><subfield code="l">ts</subfield><subfield code="o">-</subfield><subfield code="p">$0.00</subfield><subfield code="q">-</subfield><subfield code="r">-</subfield><subfield code="s">-</subfield><subfield code="t">0</subfield><subfield code="u">2</subfield><subfield code="v">1</subfield><subfield code="w">0</subfield><subfield code="x">1</subfield><subfield code="y">.i11600597</subfield><subfield code="z">04-26-04</subfield></datafield><datafield ind1=" " ind2=" " tag="945"><subfield code="a">HA202 .A1</subfield><subfield code="c">1973</subfield><subfield code="g">1</subfield><subfield code="i">39090011805690</subfield><subfield code="l">ts</subfield><subfield code="o">-</subfield><subfield code="p">$0.00</subfield><subfield code="q">-</subfield><subfield code="r">-</subfield><subfield code="s">-</subfield><subfield code="t">0</subfield><subfield code="u">1</subfield><subfield code="v">1</subfield><subfield code="w">0</subfield><subfield code="x">1</subfield><subfield code="y">.i11600585</subfield><subfield code="z">04-26-04</subfield></datafield><datafield ind1=" " ind2=" " tag="945"><subfield code="a">HA202 .A1</subfield><subfield code="c">1972</subfield><subfield code="g">1</subfield><subfield code="i">39090005664699</subfield><subfield code="l">ts</subfield><subfield code="o">-</subfield><subfield code="p">$0.00</subfield><subfield code="q">-</subfield><subfield code="r">-</subfield><subfield code="s">-</subfield><subfield code="t">0</subfield><subfield code="u">1</subfield><subfield code="v">0</subfield><subfield code="w">0</subfield><subfield code="x">0</subfield><subfield code="y">.i11600573</subfield><subfield code="z">04-26-04</subfield></datafield><datafield ind1=" " ind2=" " tag="945"><subfield code="a">HA202 .A1</subfield><subfield code="c">1971</subfield><subfield code="g">1</subfield><subfield code="i">39090012145609</subfield><subfield code="l">ts</subfield><subfield code="o">-</subfield><subfield code="p">$0.00</subfield><subfield code="q">-</subfield><subfield code="r">-</subfield><subfield code="s">-</subfield><subfield code="t">0</subfield><subfield code="u">10</subfield><subfield code="v">0</subfield><subfield code="w">0</subfield><subfield code="x">0</subfield><subfield code="y">.i11600561</subfield><subfield code="z">04-26-04</subfield></datafield><datafield ind1=" " ind2=" " tag="945"><subfield code="a">HA202 .A1</subfield><subfield code="c">1970</subfield><subfield code="g">1</subfield><subfield code="i">39090010368252</subfield><subfield code="l">ts</subfield><subfield code="o">-</subfield><subfield code="p">$0.00</subfield><subfield code="q">-</subfield><subfield code="r">-</subfield><subfield code="s">-</subfield><subfield code="t">0</subfield><subfield code="u">4</subfield><subfield code="v">1</subfield><subfield code="w">0</subfield><subfield code="x">1</subfield><subfield code="y">.i1160055x</subfield><subfield code="z">04-26-04</subfield></datafield><datafield ind1=" " ind2=" " tag="945"><subfield code="a">HA202 .A1</subfield><subfield code="c">1969</subfield><subfield code="g">1</subfield><subfield code="i">39090010467526</subfield><subfield code="l">ts</subfield><subfield code="o">-</subfield><subfield code="p">$0.00</subfield><subfield code="q">-</subfield><subfield code="r">-</subfield><subfield code="s">-</subfield><subfield code="t">0</subfield><subfield code="u">1</subfield><subfield code="v">0</subfield><subfield code="w">0</subfield><subfield code="x">0</subfield><subfield code="y">.i11600548</subfield><subfield code="z">04-26-04</subfield></datafield><datafield ind1=" " ind2=" " tag="945"><subfield code="a">HA202 .A1</subfield><subfield code="c">1968</subfield><subfield code="g">1</subfield><subfield code="i">39090005664665</subfield><subfield code="l">ts</subfield><subfield code="o">-</subfield><subfield code="p">$0.00</subfield><subfield code="q">-</subfield><subfield code="r">-</subfield><subfield code="s">-</subfield><subfield code="t">0</subfield><subfield code="u">0</subfield><subfield code="v">0</subfield><subfield code="w">0</subfield><subfield code="x">0</subfield><subfield code="y">.i11600536</subfield><subfield code="z">04-26-04</subfield></datafield><datafield ind1=" " ind2=" " tag="945"><subfield code="a">HA202 .A1</subfield><subfield code="c">1967</subfield><subfield code="g">1</subfield><subfield code="i">39090005664657</subfield><subfield code="l">ts</subfield><subfield code="o">-</subfield><subfield code="p">$0.00</subfield><subfield code="q">-</subfield><subfield code="r">-</subfield><subfield code="s">-</subfield><subfield code="t">0</subfield><subfield code="u">0</subfield><subfield code="v">0</subfield><subfield code="w">0</subfield><subfield code="x">0</subfield><subfield code="y">.i11600524</subfield><subfield code="z">04-26-04</subfield></datafield><datafield ind1=" " ind2=" " tag="945"><subfield code="a">HA202 .A1</subfield><subfield code="c">1966</subfield><subfield code="g">1</subfield><subfield code="i">39090005664640</subfield><subfield code="l">ts</subfield><subfield code="o">-</subfield><subfield code="p">$0.00</subfield><subfield code="q">-</subfield><subfield code="r">-</subfield><subfield code="s">-</subfield><subfield code="t">0</subfield><subfield code="u">0</subfield><subfield code="v">0</subfield><subfield code="w">0</subfield><subfield code="x">0</subfield><subfield code="y">.i11600512</subfield><subfield code="z">04-26-04</subfield></datafield><datafield ind1=" " ind2=" " tag="945"><subfield code="a">HA202 .A1</subfield><subfield code="c">1965</subfield><subfield code="g">1</subfield><subfield code="i">39090005664632</subfield><subfield code="l">ts</subfield><subfield code="o">-</subfield><subfield code="p">$0.00</subfield><subfield code="q">-</subfield><subfield code="r">-</subfield><subfield code="s">-</subfield><subfield code="t">0</subfield><subfield code="u">0</subfield><subfield code="v">0</subfield><subfield code="w">0</subfield><subfield code="x">0</subfield><subfield code="y">.i11600500</subfield><subfield code="z">04-26-04</subfield></datafield><datafield ind1=" " ind2=" " tag="945"><subfield code="a">HA202 .A1</subfield><subfield code="c">1964</subfield><subfield code="g">1</subfield><subfield code="i">39090005664624</subfield><subfield code="l">ts</subfield><subfield code="o">-</subfield><subfield code="p">$0.00</subfield><subfield code="q">-</subfield><subfield code="r">-</subfield><subfield code="s">-</subfield><subfield code="t">0</subfield><subfield code="u">0</subfield><subfield code="v">0</subfield><subfield code="w">0</subfield><subfield code="x">0</subfield><subfield code="y">.i11600494</subfield><subfield code="z">04-26-04</subfield></datafield><datafield ind1=" " ind2=" " tag="945"><subfield code="a">HA202 .A1</subfield><subfield code="c">1963</subfield><subfield code="g">1</subfield><subfield code="i">39090005664616</subfield><subfield code="l">ts</subfield><subfield code="o">-</subfield><subfield code="p">$0.00</subfield><subfield code="q">-</subfield><subfield code="r">-</subfield><subfield code="s">-</subfield><subfield code="t">0</subfield><subfield code="u">0</subfield><subfield code="v">0</subfield><subfield code="w">0</subfield><subfield code="x">0</subfield><subfield code="y">.i11600482</subfield><subfield code="z">04-26-04</subfield></datafield><datafield ind1=" " ind2=" " tag="945"><subfield code="a">HA202 .A1</subfield><subfield code="c">1962</subfield><subfield code="g">1</subfield><subfield code="i">39090005664608</subfield><subfield code="l">ts</subfield><subfield code="o">-</subfield><subfield code="p">$0.00</subfield><subfield code="q">-</subfield><subfield code="r">-</subfield><subfield code="s">-</subfield><subfield code="t">0</subfield><subfield code="u">0</subfield><subfield code="v">0</subfield><subfield code="w">0</subfield><subfield code="x">0</subfield><subfield code="y">.i11600470</subfield><subfield code="z">04-26-04</subfield></datafield><datafield ind1=" " ind2=" " tag="945"><subfield code="a">HA202 .A1</subfield><subfield code="c">1961</subfield><subfield code="g">1</subfield><subfield code="i">39090005664590</subfield><subfield code="l">ts</subfield><subfield code="o">-</subfield><subfield code="p">$0.00</subfield><subfield code="q">-</subfield><subfield code="r">-</subfield><subfield code="s">-</subfield><subfield code="t">0</subfield><subfield code="u">7</subfield><subfield code="v">0</subfield><subfield code="w">0</subfield><subfield code="x">1</subfield><subfield code="y">.i11600469</subfield><subfield code="z">04-26-04</subfield></datafield><datafield ind1=" " ind2=" " tag="945"><subfield code="a">HA202 .A1</subfield><subfield code="c">1960</subfield><subfield code="g">1</subfield><subfield code="i">39090005664582</subfield><subfield code="l">ts</subfield><subfield code="o">-</subfield><subfield code="p">$0.00</subfield><subfield code="q">-</subfield><subfield code="r">-</subfield><subfield code="s">-</subfield><subfield code="t">0</subfield><subfield code="u">3</subfield><subfield code="v">0</subfield><subfield code="w">0</subfield><subfield code="x">1</subfield><subfield code="y">.i11600457</subfield><subfield code="z">04-26-04</subfield></datafield><datafield ind1=" " ind2=" " tag="945"><subfield code="a">HA202 .A1</subfield><subfield code="c">1959</subfield><subfield code="g">1</subfield><subfield code="i">39090005664574</subfield><subfield code="l">ts</subfield><subfield code="o">-</subfield><subfield code="p">$0.00</subfield><subfield code="q">-</subfield><subfield code="r">-</subfield><subfield code="s">-</subfield><subfield code="t">0</subfield><subfield code="u">0</subfield><subfield code="v">0</subfield><subfield code="w">0</subfield><subfield code="x">0</subfield><subfield code="y">.i11600445</subfield><subfield code="z">04-26-04</subfield></datafield><datafield ind1=" " ind2=" " tag="945"><subfield code="a">HA202 .A1</subfield><subfield code="c">1958</subfield><subfield code="g">1</subfield><subfield code="i">39090005664566</subfield><subfield code="l">ts</subfield><subfield code="o">-</subfield><subfield code="p">$0.00</subfield><subfield code="q">-</subfield><subfield code="r">-</subfield><subfield code="s">-</subfield><subfield code="t">0</subfield><subfield code="u">0</subfield><subfield code="v">0</subfield><subfield code="w">0</subfield><subfield code="x">0</subfield><subfield code="y">.i11600433</subfield><subfield code="z">04-26-04</subfield></datafield><datafield ind1=" " ind2=" " tag="945"><subfield code="a">HA202 .A1</subfield><subfield code="c">1957</subfield><subfield code="g">1</subfield><subfield code="i">39090005664558</subfield><subfield code="l">ts</subfield><subfield code="o">-</subfield><subfield code="p">$0.00</subfield><subfield code="q">-</subfield><subfield code="r">-</subfield><subfield code="s">-</subfield><subfield code="t">0</subfield><subfield code="u">0</subfield><subfield code="v">0</subfield><subfield code="w">0</subfield><subfield code="x">0</subfield><subfield code="y">.i11600421</subfield><subfield code="z">04-26-04</subfield></datafield><datafield ind1=" " ind2=" " tag="945"><subfield code="a">HA202 .A1</subfield><subfield code="c">1956</subfield><subfield code="g">1</subfield><subfield code="i">39090005664541</subfield><subfield code="l">ts</subfield><subfield code="o">-</subfield><subfield code="p">$0.00</subfield><subfield code="q">-</subfield><subfield code="r">-</subfield><subfield code="s">-</subfield><subfield code="t">0</subfield><subfield code="u">0</subfield><subfield code="v">0</subfield><subfield code="w">0</subfield><subfield code="x">0</subfield><subfield code="y">.i1160041x</subfield><subfield code="z">04-26-04</subfield></datafield><datafield ind1=" " ind2=" " tag="945"><subfield code="a">HA202 .A1</subfield><subfield code="c">1955</subfield><subfield code="g">1</subfield><subfield code="i">39090005664533</subfield><subfield code="l">ts</subfield><subfield code="o">-</subfield><subfield code="p">$0.00</subfield><subfield code="q">-</subfield><subfield code="r">-</subfield><subfield code="s">-</subfield><subfield code="t">0</subfield><subfield code="u">0</subfield><subfield code="v">0</subfield><subfield code="w">0</subfield><subfield code="x">0</subfield><subfield code="y">.i11600408</subfield><subfield code="z">04-26-04</subfield></datafield><datafield ind1=" " ind2=" " tag="945"><subfield code="a">HA202 .A1</subfield><subfield code="c">1954</subfield><subfield code="g">1</subfield><subfield code="i">39090005664525</subfield><subfield code="l">ts</subfield><subfield code="o">-</subfield><subfield code="p">$0.00</subfield><subfield code="q">-</subfield><subfield code="r">-</subfield><subfield code="s">-</subfield><subfield code="t">0</subfield><subfield code="u">1</subfield><subfield code="v">0</subfield><subfield code="w">0</subfield><subfield code="x">1</subfield><subfield code="y">.i11600391</subfield><subfield code="z">04-26-04</subfield></datafield><datafield ind1=" " ind2=" " tag="945"><subfield code="a">HA202 .A1</subfield><subfield code="c">1953</subfield><subfield code="g">1</subfield><subfield code="i">39090005664517</subfield><subfield code="l">ts</subfield><subfield code="o">-</subfield><subfield code="p">$0.00</subfield><subfield code="q">-</subfield><subfield code="r">-</subfield><subfield code="s">-</subfield><subfield code="t">0</subfield><subfield code="u">1</subfield><subfield code="v">0</subfield><subfield code="w">0</subfield><subfield code="x">1</subfield><subfield code="y">.i1160038x</subfield><subfield code="z">04-26-04</subfield></datafield><datafield ind1=" " ind2=" " tag="945"><subfield code="a">HA202 .A1</subfield><subfield code="c">1952</subfield><subfield code="g">1</subfield><subfield code="i">39090005664509</subfield><subfield code="l">ts</subfield><subfield code="o">-</subfield><subfield code="p">$0.00</subfield><subfield code="q">-</subfield><subfield code="r">-</subfield><subfield code="s">-</subfield><subfield code="t">0</subfield><subfield code="u">0</subfield><subfield code="v">0</subfield><subfield code="w">0</subfield><subfield code="x">0</subfield><subfield code="y">.i11600378</subfield><subfield code="z">04-26-04</subfield></datafield><datafield ind1=" " ind2=" " tag="945"><subfield code="a">HA202 .A1</subfield><subfield code="c">1951</subfield><subfield code="g">1</subfield><subfield code="i">39090005664491</subfield><subfield code="l">ts</subfield><subfield code="o">-</subfield><subfield code="p">$0.00</subfield><subfield code="q">-</subfield><subfield code="r">-</subfield><subfield code="s">-</subfield><subfield code="t">0</subfield><subfield code="u">6</subfield><subfield code="v">0</subfield><subfield code="w">0</subfield><subfield code="x">0</subfield><subfield code="y">.i11600366</subfield><subfield code="z">04-26-04</subfield></datafield><datafield ind1=" " ind2=" " tag="945"><subfield code="a">HA202 .A1</subfield><subfield code="c">1949</subfield><subfield code="g">1</subfield><subfield code="i">39090005664483</subfield><subfield code="l">ts</subfield><subfield code="o">-</subfield><subfield code="p">$0.00</subfield><subfield code="q">-</subfield><subfield code="r">-</subfield><subfield code="s">-</subfield><subfield code="t">0</subfield><subfield code="u">0</subfield><subfield code="v">0</subfield><subfield code="w">0</subfield><subfield code="x">0</subfield><subfield code="y">.i11600354</subfield><subfield code="z">04-26-04</subfield></datafield><datafield ind1=" " ind2=" " tag="945"><subfield code="a">HA202 .A1</subfield><subfield code="c">1948</subfield><subfield code="g">1</subfield><subfield code="i">39090009540580</subfield><subfield code="l">ts</subfield><subfield code="o">-</subfield><subfield code="p">$0.00</subfield><subfield code="q">-</subfield><subfield code="r">-</subfield><subfield code="s">-</subfield><subfield code="t">0</subfield><subfield code="u">0</subfield><subfield code="v">0</subfield><subfield code="w">0</subfield><subfield code="x">0</subfield><subfield code="y">.i11600342</subfield><subfield code="z">04-26-04</subfield></datafield><datafield ind1=" " ind2=" " tag="945"><subfield code="a">HA202 .A1</subfield><subfield code="c">1947</subfield><subfield code="g">1</subfield><subfield code="i">39090005664475</subfield><subfield code="l">ts</subfield><subfield code="o">-</subfield><subfield code="p">$0.00</subfield><subfield code="q">-</subfield><subfield code="r">-</subfield><subfield code="s">-</subfield><subfield code="t">0</subfield><subfield code="u">0</subfield><subfield code="v">0</subfield><subfield code="w">0</subfield><subfield code="x">0</subfield><subfield code="y">.i11600330</subfield><subfield code="z">04-26-04</subfield></datafield><datafield ind1=" " ind2=" " tag="945"><subfield code="a">HA202 .A1</subfield><subfield code="c">1946</subfield><subfield code="g">1</subfield><subfield code="i">39090005664467</subfield><subfield code="l">ts</subfield><subfield code="o">-</subfield><subfield code="p">$0.00</subfield><subfield code="q">-</subfield><subfield code="r">-</subfield><subfield code="s">-</subfield><subfield code="t">0</subfield><subfield code="u">1</subfield><subfield code="v">0</subfield><subfield code="w">0</subfield><subfield code="x">1</subfield><subfield code="y">.i11600329</subfield><subfield code="z">04-26-04</subfield></datafield><datafield ind1=" " ind2=" " tag="945"><subfield code="a">HA202 .A1</subfield><subfield code="c">1944/45</subfield><subfield code="g">1</subfield><subfield code="i">39090005664459</subfield><subfield code="l">ts</subfield><subfield code="o">-</subfield><subfield code="p">$0.00</subfield><subfield code="q">-</subfield><subfield code="r">-</subfield><subfield code="s">-</subfield><subfield code="t">0</subfield><subfield code="u">1</subfield><subfield code="v">0</subfield><subfield code="w">0</subfield><subfield code="x">1</subfield><subfield code="y">.i11600317</subfield><subfield code="z">04-26-04</subfield></datafield><datafield ind1=" " ind2=" " tag="945"><subfield code="a">HA202 .A1</subfield><subfield code="c">1943</subfield><subfield code="g">1</subfield><subfield code="i">39090005664442</subfield><subfield code="l">ts</subfield><subfield code="o">-</subfield><subfield code="p">$0.00</subfield><subfield code="q">-</subfield><subfield code="r">-</subfield><subfield code="s">-</subfield><subfield code="t">0</subfield><subfield code="u">1</subfield><subfield code="v">0</subfield><subfield code="w">0</subfield><subfield code="x">1</subfield><subfield code="y">.i11600305</subfield><subfield code="z">04-26-04</subfield></datafield><datafield ind1=" " ind2=" " tag="945"><subfield code="a">HA202 .A1</subfield><subfield code="c">1942</subfield><subfield code="g">1</subfield><subfield code="i">39090005664434</subfield><subfield code="l">ts</subfield><subfield code="o">-</subfield><subfield code="p">$0.00</subfield><subfield code="q">-</subfield><subfield code="r">-</subfield><subfield code="s">-</subfield><subfield code="t">0</subfield><subfield code="u">0</subfield><subfield code="v">0</subfield><subfield code="w">0</subfield><subfield code="x">0</subfield><subfield code="y">.i11600299</subfield><subfield code="z">04-26-04</subfield></datafield><datafield ind1=" " ind2=" " tag="945"><subfield code="a">HA202 .A1</subfield><subfield code="c">1941</subfield><subfield code="g">1</subfield><subfield code="i">39090005664426</subfield><subfield code="l">ts</subfield><subfield code="o">-</subfield><subfield code="p">$0.00</subfield><subfield code="q">-</subfield><subfield code="r">-</subfield><subfield code="s">-</subfield><subfield code="t">0</subfield><subfield code="u">0</subfield><subfield code="v">0</subfield><subfield code="w">0</subfield><subfield code="x">0</subfield><subfield code="y">.i11600287</subfield><subfield code="z">04-26-04</subfield></datafield><datafield ind1=" " ind2=" " tag="945"><subfield code="a">HA202 .A1</subfield><subfield code="c">1940</subfield><subfield code="g">1</subfield><subfield code="i">39090005664418</subfield><subfield code="l">ts</subfield><subfield code="o">-</subfield><subfield code="p">$0.00</subfield><subfield code="q">-</subfield><subfield code="r">-</subfield><subfield code="s">-</subfield><subfield code="t">0</subfield><subfield code="u">7</subfield><subfield code="v">0</subfield><subfield code="w">0</subfield><subfield code="x">0</subfield><subfield code="y">.i11600275</subfield><subfield code="z">04-26-04</subfield></datafield><datafield ind1=" " ind2=" " tag="945"><subfield code="a">HA202 .A1</subfield><subfield code="c">1939</subfield><subfield code="g">1</subfield><subfield code="i">39090005664400</subfield><subfield code="l">ts</subfield><subfield code="o">-</subfield><subfield code="p">$0.00</subfield><subfield code="q">-</subfield><subfield code="r">-</subfield><subfield code="s">-</subfield><subfield code="t">0</subfield><subfield code="u">0</subfield><subfield code="v">0</subfield><subfield code="w">0</subfield><subfield code="x">0</subfield><subfield code="y">.i11600263</subfield><subfield code="z">04-26-04</subfield></datafield><datafield ind1=" " ind2=" " tag="945"><subfield code="a">HA202 .A1</subfield><subfield code="c">1938</subfield><subfield code="g">1</subfield><subfield code="i">39090005664392</subfield><subfield code="l">ts</subfield><subfield code="o">-</subfield><subfield code="p">$0.00</subfield><subfield code="q">-</subfield><subfield code="r">-</subfield><subfield code="s">-</subfield><subfield code="t">0</subfield><subfield code="u">0</subfield><subfield code="v">0</subfield><subfield code="w">0</subfield><subfield code="x">0</subfield><subfield code="y">.i11600251</subfield><subfield code="z">04-26-04</subfield></datafield><datafield ind1=" " ind2=" " tag="945"><subfield code="a">HA202 .A1</subfield><subfield code="c">1937</subfield><subfield code="g">1</subfield><subfield code="i">39090005664384</subfield><subfield code="l">ts</subfield><subfield code="o">-</subfield><subfield code="p">$0.00</subfield><subfield code="q">-</subfield><subfield code="r">-</subfield><subfield code="s">-</subfield><subfield code="t">0</subfield><subfield code="u">0</subfield><subfield code="v">0</subfield><subfield code="w">0</subfield><subfield code="x">0</subfield><subfield code="y">.i1160024x</subfield><subfield code="z">04-26-04</subfield></datafield><datafield ind1=" " ind2=" " tag="945"><subfield code="a">HA202 .A1</subfield><subfield code="c">1936</subfield><subfield code="g">1</subfield><subfield code="i">39090005664376</subfield><subfield code="l">ts</subfield><subfield code="o">-</subfield><subfield code="p">$0.00</subfield><subfield code="q">-</subfield><subfield code="r">-</subfield><subfield code="s">-</subfield><subfield code="t">0</subfield><subfield code="u">0</subfield><subfield code="v">0</subfield><subfield code="w">0</subfield><subfield code="x">0</subfield><subfield code="y">.i11600238</subfield><subfield code="z">04-26-04</subfield></datafield><datafield ind1=" " ind2=" " tag="945"><subfield code="a">HA202 .A1</subfield><subfield code="c">1935</subfield><subfield code="g">1</subfield><subfield code="i">39090005664368</subfield><subfield code="l">ts</subfield><subfield code="o">-</subfield><subfield code="p">$0.00</subfield><subfield code="q">-</subfield><subfield code="r">-</subfield><subfield code="s">-</subfield><subfield code="t">0</subfield><subfield code="u">0</subfield><subfield code="v">0</subfield><subfield code="w">0</subfield><subfield code="x">0</subfield><subfield code="y">.i11600226</subfield><subfield code="z">04-26-04</subfield></datafield><datafield ind1=" " ind2=" " tag="945"><subfield code="a">HA202 .A1</subfield><subfield code="c">1934</subfield><subfield code="g">1</subfield><subfield code="i">39090005664350</subfield><subfield code="l">ts</subfield><subfield code="o">-</subfield><subfield code="p">$0.00</subfield><subfield code="q">-</subfield><subfield code="r">-</subfield><subfield code="s">-</subfield><subfield code="t">0</subfield><subfield code="u">0</subfield><subfield code="v">0</subfield><subfield code="w">0</subfield><subfield code="x">0</subfield><subfield code="y">.i11600214</subfield><subfield code="z">04-26-04</subfield></datafield><datafield ind1=" " ind2=" " tag="945"><subfield code="a">HA202 .A1</subfield><subfield code="c">1933</subfield><subfield code="g">1</subfield><subfield code="i">39090005664343</subfield><subfield code="l">ts</subfield><subfield code="o">-</subfield><subfield code="p">$0.00</subfield><subfield code="q">-</subfield><subfield code="r">-</subfield><subfield code="s">-</subfield><subfield code="t">0</subfield><subfield code="u">0</subfield><subfield code="v">0</subfield><subfield code="w">0</subfield><subfield code="x">0</subfield><subfield code="y">.i11600202</subfield><subfield code="z">04-26-04</subfield></datafield><datafield ind1=" " ind2=" " tag="945"><subfield code="a">HA202 .A1</subfield><subfield code="c">1932</subfield><subfield code="g">1</subfield><subfield code="i">39090005664335</subfield><subfield code="l">ts</subfield><subfield code="o">-</subfield><subfield code="p">$0.00</subfield><subfield code="q">-</subfield><subfield code="r">-</subfield><subfield code="s">-</subfield><subfield code="t">0</subfield><subfield code="u">0</subfield><subfield code="v">0</subfield><subfield code="w">0</subfield><subfield code="x">0</subfield><subfield code="y">.i11600196</subfield><subfield code="z">04-26-04</subfield></datafield><datafield ind1=" " ind2=" " tag="945"><subfield code="a">HA202 .A1</subfield><subfield code="c">1931</subfield><subfield code="g">1</subfield><subfield code="i">39090005664327</subfield><subfield code="l">ts</subfield><subfield code="o">-</subfield><subfield code="p">$0.00</subfield><subfield code="q">-</subfield><subfield code="r">-</subfield><subfield code="s">-</subfield><subfield code="t">0</subfield><subfield code="u">6</subfield><subfield code="v">0</subfield><subfield code="w">0</subfield><subfield code="x">0</subfield><subfield code="y">.i11600184</subfield><subfield code="z">04-26-04</subfield></datafield><datafield ind1=" " ind2=" " tag="945"><subfield code="a">HA202 .A1</subfield><subfield code="c">1930</subfield><subfield code="g">1</subfield><subfield code="i">39090005664319</subfield><subfield code="l">ts</subfield><subfield code="o">-</subfield><subfield code="p">$0.00</subfield><subfield code="q">-</subfield><subfield code="r">-</subfield><subfield code="s">-</subfield><subfield code="t">0</subfield><subfield code="u">0</subfield><subfield code="v">0</subfield><subfield code="w">0</subfield><subfield code="x">0</subfield><subfield code="y">.i11600172</subfield><subfield code="z">04-26-04</subfield></datafield><datafield ind1=" " ind2=" " tag="945"><subfield code="a">HA202 .A1</subfield><subfield code="c">1929</subfield><subfield code="g">1</subfield><subfield code="i">39090005664301</subfield><subfield code="l">ts</subfield><subfield code="o">-</subfield><subfield code="p">$0.00</subfield><subfield code="q">-</subfield><subfield code="r">-</subfield><subfield code="s">-</subfield><subfield code="t">0</subfield><subfield code="u">0</subfield><subfield code="v">0</subfield><subfield code="w">0</subfield><subfield code="x">0</subfield><subfield code="y">.i11600160</subfield><subfield code="z">04-26-04</subfield></datafield><datafield ind1=" " ind2=" " tag="945"><subfield code="a">HA202 .A1</subfield><subfield code="c">1928</subfield><subfield code="g">1</subfield><subfield code="i">39090005664293</subfield><subfield code="l">ts</subfield><subfield code="o">-</subfield><subfield code="p">$0.00</subfield><subfield code="q">-</subfield><subfield code="r">-</subfield><subfield code="s">-</subfield><subfield code="t">0</subfield><subfield code="u">0</subfield><subfield code="v">0</subfield><subfield code="w">0</subfield><subfield code="x">0</subfield><subfield code="y">.i11600159</subfield><subfield code="z">04-26-04</subfield></datafield><datafield ind1=" " ind2=" " tag="945"><subfield code="a">HA202 .A1</subfield><subfield code="c">1926</subfield><subfield code="g">1</subfield><subfield code="i">39090005664285</subfield><subfield code="l">ts</subfield><subfield code="o">-</subfield><subfield code="p">$0.00</subfield><subfield code="q">-</subfield><subfield code="r">-</subfield><subfield code="s">-</subfield><subfield code="t">0</subfield><subfield code="u">0</subfield><subfield code="v">0</subfield><subfield code="w">0</subfield><subfield code="x">0</subfield><subfield code="y">.i11600147</subfield><subfield code="z">04-26-04</subfield></datafield><datafield ind1=" " ind2=" " tag="945"><subfield code="a">HA202 .A1</subfield><subfield code="c">1925</subfield><subfield code="g">1</subfield><subfield code="i">39090005664277</subfield><subfield code="l">ts</subfield><subfield code="o">-</subfield><subfield code="p">$0.00</subfield><subfield code="q">-</subfield><subfield code="r">-</subfield><subfield code="s">-</subfield><subfield code="t">0</subfield><subfield code="u">0</subfield><subfield code="v">0</subfield><subfield code="w">0</subfield><subfield code="x">0</subfield><subfield code="y">.i11600135</subfield><subfield code="z">04-26-04</subfield></datafield><datafield ind1=" " ind2=" " tag="945"><subfield code="a">HA202 .A1</subfield><subfield code="c">1924</subfield><subfield code="g">1</subfield><subfield code="i">39090005664269</subfield><subfield code="l">ts</subfield><subfield code="o">-</subfield><subfield code="p">$0.00</subfield><subfield code="q">-</subfield><subfield code="r">-</subfield><subfield code="s">-</subfield><subfield code="t">0</subfield><subfield code="u">0</subfield><subfield code="v">0</subfield><subfield code="w">0</subfield><subfield code="x">0</subfield><subfield code="y">.i11600123</subfield><subfield code="z">04-26-04</subfield></datafield><datafield ind1=" " ind2=" " tag="945"><subfield code="a">HA202 .A1</subfield><subfield code="c">1923</subfield><subfield code="g">1</subfield><subfield code="i">39090005664251</subfield><subfield code="l">ts</subfield><subfield code="o">-</subfield><subfield code="p">$0.00</subfield><subfield code="q">-</subfield><subfield code="r">-</subfield><subfield code="s">-</subfield><subfield code="t">0</subfield><subfield code="u">0</subfield><subfield code="v">0</subfield><subfield code="w">0</subfield><subfield code="x">0</subfield><subfield code="y">.i11600111</subfield><subfield code="z">04-26-04</subfield></datafield><datafield ind1=" " ind2=" " tag="945"><subfield code="a">HA202 .A1</subfield><subfield code="c">1922</subfield><subfield code="g">1</subfield><subfield code="i">39090005664244</subfield><subfield code="l">ts</subfield><subfield code="o">-</subfield><subfield code="p">$0.00</subfield><subfield code="q">-</subfield><subfield code="r">-</subfield><subfield code="s">-</subfield><subfield code="t">0</subfield><subfield code="u">0</subfield><subfield code="v">0</subfield><subfield code="w">0</subfield><subfield code="x">0</subfield><subfield code="y">.i1160010x</subfield><subfield code="z">04-26-04</subfield></datafield><datafield ind1=" " ind2=" " tag="945"><subfield code="a">HA202 .A1</subfield><subfield code="c">1921</subfield><subfield code="g">1</subfield><subfield code="i">39090005664236</subfield><subfield code="l">ts</subfield><subfield code="o">-</subfield><subfield code="p">$0.00</subfield><subfield code="q">-</subfield><subfield code="r">-</subfield><subfield code="s">-</subfield><subfield code="t">0</subfield><subfield code="u">6</subfield><subfield code="v">0</subfield><subfield code="w">0</subfield><subfield code="x">0</subfield><subfield code="y">.i11600093</subfield><subfield code="z">04-26-04</subfield></datafield><datafield ind1=" " ind2=" " tag="945"><subfield code="a">HA202 .A1</subfield><subfield code="c">1920</subfield><subfield code="g">1</subfield><subfield code="i">39090005664228</subfield><subfield code="l">ts</subfield><subfield code="o">-</subfield><subfield code="p">$0.00</subfield><subfield code="q">-</subfield><subfield code="r">-</subfield><subfield code="s">-</subfield><subfield code="t">0</subfield><subfield code="u">2</subfield><subfield code="v">0</subfield><subfield code="w">0</subfield><subfield code="x">0</subfield><subfield code="y">.i11600081</subfield><subfield code="z">04-26-04</subfield></datafield><datafield ind1=" " ind2=" " tag="945"><subfield code="a">HA202 .A1</subfield><subfield code="c">1919</subfield><subfield code="g">1</subfield><subfield code="i">39090005664210</subfield><subfield code="l">ts</subfield><subfield code="o">-</subfield><subfield code="p">$0.00</subfield><subfield code="q">-</subfield><subfield code="r">-</subfield><subfield code="s">-</subfield><subfield code="t">0</subfield><subfield code="u">0</subfield><subfield code="v">0</subfield><subfield code="w">0</subfield><subfield code="x">0</subfield><subfield code="y">.i1160007x</subfield><subfield code="z">04-26-04</subfield></datafield><datafield ind1=" " ind2=" " tag="945"><subfield code="a">HA202 .A1</subfield><subfield code="c">1918</subfield><subfield code="g">1</subfield><subfield code="i">39090005664202</subfield><subfield code="l">ts</subfield><subfield code="o">-</subfield><subfield code="p">$0.00</subfield><subfield code="q">-</subfield><subfield code="r">-</subfield><subfield code="s">-</subfield><subfield code="t">0</subfield><subfield code="u">0</subfield><subfield code="v">0</subfield><subfield code="w">0</subfield><subfield code="x">0</subfield><subfield code="y">.i11600068</subfield><subfield code="z">04-26-04</subfield></datafield><datafield ind1=" " ind2=" " tag="945"><subfield code="a">HA202 .A1</subfield><subfield code="c">1917</subfield><subfield code="g">1</subfield><subfield code="i">39090005664194</subfield><subfield code="l">ts</subfield><subfield code="o">-</subfield><subfield code="p">$0.00</subfield><subfield code="q">-</subfield><subfield code="r">-</subfield><subfield code="s">-</subfield><subfield code="t">0</subfield><subfield code="u">0</subfield><subfield code="v">0</subfield><subfield code="w">0</subfield><subfield code="x">0</subfield><subfield code="y">.i11600056</subfield><subfield code="z">04-26-04</subfield></datafield><datafield ind1=" " ind2=" " tag="945"><subfield code="a">HA202 .A1</subfield><subfield code="c">1916</subfield><subfield code="g">1</subfield><subfield code="i">39090005664186</subfield><subfield code="l">ts</subfield><subfield code="o">-</subfield><subfield code="p">$0.00</subfield><subfield code="q">-</subfield><subfield code="r">-</subfield><subfield code="s">-</subfield><subfield code="t">0</subfield><subfield code="u">0</subfield><subfield code="v">0</subfield><subfield code="w">0</subfield><subfield code="x">0</subfield><subfield code="y">.i11600044</subfield><subfield code="z">04-26-04</subfield></datafield><datafield ind1=" " ind2=" " tag="945"><subfield code="a">HA202 .A1</subfield><subfield code="c">1915</subfield><subfield code="g">1</subfield><subfield code="i">39090005664178</subfield><subfield code="l">ts</subfield><subfield code="o">-</subfield><subfield code="p">$0.00</subfield><subfield code="q">-</subfield><subfield code="r">-</subfield><subfield code="s">-</subfield><subfield code="t">0</subfield><subfield code="u">1</subfield><subfield code="v">0</subfield><subfield code="w">0</subfield><subfield code="x">1</subfield><subfield code="y">.i11600032</subfield><subfield code="z">04-26-04</subfield></datafield><datafield ind1=" " ind2=" " tag="945"><subfield code="a">HA202 .A1</subfield><subfield code="c">1914</subfield><subfield code="g">1</subfield><subfield code="i">39090005664160</subfield><subfield code="l">ts</subfield><subfield code="o">-</subfield><subfield code="p">$0.00</subfield><subfield code="q">-</subfield><subfield code="r">-</subfield><subfield code="s">-</subfield><subfield code="t">0</subfield><subfield code="u">0</subfield><subfield code="v">0</subfield><subfield code="w">0</subfield><subfield code="x">0</subfield><subfield code="y">.i11600020</subfield><subfield code="z">04-26-04</subfield></datafield><datafield ind1=" " ind2=" " tag="945"><subfield code="a">HA202 .A1</subfield><subfield code="c">1913</subfield><subfield code="g">1</subfield><subfield code="i">39090005664152</subfield><subfield code="l">ts</subfield><subfield code="o">-</subfield><subfield code="p">$0.00</subfield><subfield code="q">-</subfield><subfield code="r">-</subfield><subfield code="s">-</subfield><subfield code="t">0</subfield><subfield code="u">0</subfield><subfield code="v">0</subfield><subfield code="w">0</subfield><subfield code="x">0</subfield><subfield code="y">.i11600019</subfield><subfield code="z">04-26-04</subfield></datafield><datafield ind1=" " ind2=" " tag="945"><subfield code="a">HA202 .A1</subfield><subfield code="c">1912</subfield><subfield code="g">1</subfield><subfield code="i">39090005664145</subfield><subfield code="l">ts</subfield><subfield code="o">-</subfield><subfield code="p">$0.00</subfield><subfield code="q">-</subfield><subfield code="r">-</subfield><subfield code="s">-</subfield><subfield code="t">0</subfield><subfield code="u">7</subfield><subfield code="v">0</subfield><subfield code="w">0</subfield><subfield code="x">0</subfield><subfield code="y">.i11600007</subfield><subfield code="z">04-26-04</subfield></datafield><datafield ind1=" " ind2=" " tag="945"><subfield code="a">HA202 .A1</subfield><subfield code="c">1911</subfield><subfield code="g">1</subfield><subfield code="i">39090005664137</subfield><subfield code="l">ts</subfield><subfield code="o">-</subfield><subfield code="p">$0.00</subfield><subfield code="q">-</subfield><subfield code="r">-</subfield><subfield code="s">-</subfield><subfield code="t">0</subfield><subfield code="u">0</subfield><subfield code="v">0</subfield><subfield code="w">0</subfield><subfield code="x">0</subfield><subfield code="y">.i11599996</subfield><subfield code="z">04-26-04</subfield></datafield><datafield ind1=" " ind2=" " tag="945"><subfield code="a">HA202 .A1</subfield><subfield code="c">1910</subfield><subfield code="g">1</subfield><subfield code="i">39090005664129</subfield><subfield code="l">ts</subfield><subfield code="o">-</subfield><subfield code="p">$0.00</subfield><subfield code="q">-</subfield><subfield code="r">-</subfield><subfield code="s">-</subfield><subfield code="t">0</subfield><subfield code="u">2</subfield><subfield code="v">0</subfield><subfield code="w">0</subfield><subfield code="x">1</subfield><subfield code="y">.i11599984</subfield><subfield code="z">04-26-04</subfield></datafield><datafield ind1=" " ind2=" " tag="945"><subfield code="a">HA202 .A1</subfield><subfield code="c">1909</subfield><subfield code="g">1</subfield><subfield code="i">39090005664111</subfield><subfield code="l">ts</subfield><subfield code="o">-</subfield><subfield code="p">$0.00</subfield><subfield code="q">-</subfield><subfield code="r">-</subfield><subfield code="s">-</subfield><subfield code="t">0</subfield><subfield code="u">0</subfield><subfield code="v">0</subfield><subfield code="w">0</subfield><subfield code="x">0</subfield><subfield code="y">.i11599972</subfield><subfield code="z">04-26-04</subfield></datafield><datafield ind1=" " ind2=" " tag="945"><subfield code="a">HA202 .A1</subfield><subfield code="c">1908</subfield><subfield code="g">1</subfield><subfield code="i">39090005664103</subfield><subfield code="l">ts</subfield><subfield code="o">-</subfield><subfield code="p">$0.00</subfield><subfield code="q">-</subfield><subfield code="r">-</subfield><subfield code="s">-</subfield><subfield code="t">0</subfield><subfield code="u">0</subfield><subfield code="v">0</subfield><subfield code="w">0</subfield><subfield code="x">0</subfield><subfield code="y">.i11599960</subfield><subfield code="z">04-26-04</subfield></datafield><datafield ind1=" " ind2=" " tag="945"><subfield code="a">HA202 .A1</subfield><subfield code="c">1907</subfield><subfield code="g">1</subfield><subfield code="i">39090005664095</subfield><subfield code="l">ts</subfield><subfield code="o">-</subfield><subfield code="p">$0.00</subfield><subfield code="q">-</subfield><subfield code="r">-</subfield><subfield code="s">-</subfield><subfield code="t">0</subfield><subfield code="u">0</subfield><subfield code="v">0</subfield><subfield code="w">0</subfield><subfield code="x">0</subfield><subfield code="y">.i11599959</subfield><subfield code="z">04-26-04</subfield></datafield><datafield ind1=" " ind2=" " tag="945"><subfield code="a">HA202 .A1</subfield><subfield code="c">1906</subfield><subfield code="g">1</subfield><subfield code="i">39090005664087</subfield><subfield code="l">ts</subfield><subfield code="o">-</subfield><subfield code="p">$0.00</subfield><subfield code="q">-</subfield><subfield code="r">-</subfield><subfield code="s">-</subfield><subfield code="t">0</subfield><subfield code="u">0</subfield><subfield code="v">0</subfield><subfield code="w">0</subfield><subfield code="x">0</subfield><subfield code="y">.i11599947</subfield><subfield code="z">04-26-04</subfield></datafield><datafield ind1=" " ind2=" " tag="945"><subfield code="a">HA202 .A1</subfield><subfield code="c">1905</subfield><subfield code="g">1</subfield><subfield code="i">39090005664079</subfield><subfield code="l">ts</subfield><subfield code="o">-</subfield><subfield code="p">$0.00</subfield><subfield code="q">-</subfield><subfield code="r">-</subfield><subfield code="s">-</subfield><subfield code="t">0</subfield><subfield code="u">0</subfield><subfield code="v">0</subfield><subfield code="w">0</subfield><subfield code="x">0</subfield><subfield code="y">.i11599935</subfield><subfield code="z">04-26-04</subfield></datafield><datafield ind1=" " ind2=" " tag="945"><subfield code="a">HA202 .A1</subfield><subfield code="c">1904</subfield><subfield code="g">1</subfield><subfield code="i">39090005664061</subfield><subfield code="l">ts</subfield><subfield code="o">-</subfield><subfield code="p">$0.00</subfield><subfield code="q">-</subfield><subfield code="r">-</subfield><subfield code="s">-</subfield><subfield code="t">0</subfield><subfield code="u">0</subfield><subfield code="v">0</subfield><subfield code="w">0</subfield><subfield code="x">0</subfield><subfield code="y">.i11599923</subfield><subfield code="z">04-26-04</subfield></datafield><datafield ind1=" " ind2=" " tag="945"><subfield code="a">HA202 .A1</subfield><subfield code="c">1903</subfield><subfield code="g">1</subfield><subfield code="i">39090005664053</subfield><subfield code="l">ts</subfield><subfield code="o">-</subfield><subfield code="p">$0.00</subfield><subfield code="q">-</subfield><subfield code="r">-</subfield><subfield code="s">-</subfield><subfield code="t">0</subfield><subfield code="u">0</subfield><subfield code="v">0</subfield><subfield code="w">0</subfield><subfield code="x">0</subfield><subfield code="y">.i11599911</subfield><subfield code="z">04-26-04</subfield></datafield><datafield ind1=" " ind2=" " tag="945"><subfield code="a">HA202 .A1</subfield><subfield code="c">1902</subfield><subfield code="g">1</subfield><subfield code="i">39090005664046</subfield><subfield code="l">ts</subfield><subfield code="o">-</subfield><subfield code="p">$0.00</subfield><subfield code="q">-</subfield><subfield code="r">-</subfield><subfield code="s">-</subfield><subfield code="t">0</subfield><subfield code="u">0</subfield><subfield code="v">0</subfield><subfield code="w">0</subfield><subfield code="x">0</subfield><subfield code="y">.i1159990x</subfield><subfield code="z">04-26-04</subfield></datafield><datafield ind1=" " ind2=" " tag="945"><subfield code="a">HA202 .A1</subfield><subfield code="c">1901</subfield><subfield code="g">1</subfield><subfield code="i">39090005664038</subfield><subfield code="l">ts</subfield><subfield code="o">-</subfield><subfield code="p">$0.00</subfield><subfield code="q">-</subfield><subfield code="r">-</subfield><subfield code="s">-</subfield><subfield code="t">0</subfield><subfield code="u">0</subfield><subfield code="v">0</subfield><subfield code="w">0</subfield><subfield code="x">0</subfield><subfield code="y">.i11599893</subfield><subfield code="z">04-26-04</subfield></datafield><datafield ind1=" " ind2=" " tag="945"><subfield code="a">HA202 .A1</subfield><subfield code="c">1900</subfield><subfield code="g">1</subfield><subfield code="i">39090005664020</subfield><subfield code="l">ts</subfield><subfield code="o">-</subfield><subfield code="p">$0.00</subfield><subfield code="q">-</subfield><subfield code="r">-</subfield><subfield code="s">-</subfield><subfield code="t">0</subfield><subfield code="u">0</subfield><subfield code="v">0</subfield><subfield code="w">0</subfield><subfield code="x">0</subfield><subfield code="y">.i11599881</subfield><subfield code="z">04-26-04</subfield></datafield><datafield ind1=" " ind2=" " tag="945"><subfield code="a">HA202 .A1</subfield><subfield code="c">1899</subfield><subfield code="g">1</subfield><subfield code="i">39090005664012</subfield><subfield code="l">ts</subfield><subfield code="o">-</subfield><subfield code="p">$0.00</subfield><subfield code="q">-</subfield><subfield code="r">-</subfield><subfield code="s">-</subfield><subfield code="t">0</subfield><subfield code="u">0</subfield><subfield code="v">0</subfield><subfield code="w">0</subfield><subfield code="x">0</subfield><subfield code="y">.i1159987x</subfield><subfield code="z">04-26-04</subfield></datafield><datafield ind1=" " ind2=" " tag="945"><subfield code="a">HA202 .A1</subfield><subfield code="c">1898</subfield><subfield code="g">1</subfield><subfield code="i">39090005664004</subfield><subfield code="l">ts</subfield><subfield code="o">-</subfield><subfield code="p">$0.00</subfield><subfield code="q">-</subfield><subfield code="r">-</subfield><subfield code="s">-</subfield><subfield code="t">0</subfield><subfield code="u">0</subfield><subfield code="v">0</subfield><subfield code="w">0</subfield><subfield code="x">0</subfield><subfield code="y">.i11599868</subfield><subfield code="z">04-26-04</subfield></datafield><datafield ind1=" " ind2=" " tag="945"><subfield code="a">HA202 .A1</subfield><subfield code="c">1893</subfield><subfield code="g">1</subfield><subfield code="i">39090005663998</subfield><subfield code="l">ts</subfield><subfield code="o">-</subfield><subfield code="p">$0.00</subfield><subfield code="q">-</subfield><subfield code="r">-</subfield><subfield code="s">-</subfield><subfield code="t">0</subfield><subfield code="u">0</subfield><subfield code="v">0</subfield><subfield code="w">0</subfield><subfield code="x">0</subfield><subfield code="y">.i11599856</subfield><subfield code="z">04-26-04</subfield></datafield><datafield ind1=" " ind2=" " tag="945"><subfield code="a">HA202 .A1</subfield><subfield code="c">1892</subfield><subfield code="g">1</subfield><subfield code="i">39090005663980</subfield><subfield code="l">ts</subfield><subfield code="o">-</subfield><subfield code="p">$0.00</subfield><subfield code="q">-</subfield><subfield code="r">-</subfield><subfield code="s">-</subfield><subfield code="t">0</subfield><subfield code="u">0</subfield><subfield code="v">0</subfield><subfield code="w">0</subfield><subfield code="x">0</subfield><subfield code="y">.i11599844</subfield><subfield code="z">04-26-04</subfield></datafield><datafield ind1=" " ind2=" " tag="945"><subfield code="a">HA202 .A1</subfield><subfield code="c">1891</subfield><subfield code="g">1</subfield><subfield code="i">39090005663972</subfield><subfield code="l">ts</subfield><subfield code="o">-</subfield><subfield code="p">$0.00</subfield><subfield code="q">-</subfield><subfield code="r">-</subfield><subfield code="s">-</subfield><subfield code="t">0</subfield><subfield code="u">0</subfield><subfield code="v">0</subfield><subfield code="w">0</subfield><subfield code="x">0</subfield><subfield code="y">.i11599832</subfield><subfield code="z">04-26-04</subfield></datafield><datafield ind1=" " ind2=" " tag="945"><subfield code="a">HA202 .A1</subfield><subfield code="c">1889</subfield><subfield code="g">1</subfield><subfield code="i">39090005663964</subfield><subfield code="l">ts</subfield><subfield code="o">-</subfield><subfield code="p">$0.00</subfield><subfield code="q">-</subfield><subfield code="r">-</subfield><subfield code="s">-</subfield><subfield code="t">0</subfield><subfield code="u">0</subfield><subfield code="v">0</subfield><subfield code="w">0</subfield><subfield code="x">0</subfield><subfield code="y">.i11599820</subfield><subfield code="z">04-26-04</subfield></datafield><datafield ind1=" " ind2=" " tag="945"><subfield code="a">HA202 .A1</subfield><subfield code="c">1888</subfield><subfield code="g">1</subfield><subfield code="i">39090005663956</subfield><subfield code="l">ts</subfield><subfield code="o">-</subfield><subfield code="p">$0.00</subfield><subfield code="q">-</subfield><subfield code="r">-</subfield><subfield code="s">-</subfield><subfield code="t">0</subfield><subfield code="u">0</subfield><subfield code="v">0</subfield><subfield code="w">0</subfield><subfield code="x">0</subfield><subfield code="y">.i11599819</subfield><subfield code="z">04-26-04</subfield></datafield><datafield ind1=" " ind2=" " tag="945"><subfield code="a">HA202 .A1</subfield><subfield code="c">1887</subfield><subfield code="g">1</subfield><subfield code="i">39090005663949</subfield><subfield code="l">ts</subfield><subfield code="o">-</subfield><subfield code="p">$0.00</subfield><subfield code="q">-</subfield><subfield code="r">-</subfield><subfield code="s">-</subfield><subfield code="t">0</subfield><subfield code="u">0</subfield><subfield code="v">0</subfield><subfield code="w">0</subfield><subfield code="x">0</subfield><subfield code="y">.i11599807</subfield><subfield code="z">04-26-04</subfield></datafield><datafield ind1=" " ind2=" " tag="945"><subfield code="a">HA202 .A1</subfield><subfield code="c">1886</subfield><subfield code="g">1</subfield><subfield code="i">39090005663931</subfield><subfield code="l">ts</subfield><subfield code="o">-</subfield><subfield code="p">$0.00</subfield><subfield code="q">-</subfield><subfield code="r">-</subfield><subfield code="s">-</subfield><subfield code="t">0</subfield><subfield code="u">0</subfield><subfield code="v">0</subfield><subfield code="w">0</subfield><subfield code="x">0</subfield><subfield code="y">.i11599790</subfield><subfield code="z">04-26-04</subfield></datafield><datafield ind1=" " ind2=" " tag="945"><subfield code="a">HA202 .A1</subfield><subfield code="c">1884/85</subfield><subfield code="g">1</subfield><subfield code="i">39090005663923</subfield><subfield code="l">ts</subfield><subfield code="o">-</subfield><subfield code="p">$0.00</subfield><subfield code="q">-</subfield><subfield code="r">-</subfield><subfield code="s">-</subfield><subfield code="t">0</subfield><subfield code="u">0</subfield><subfield code="v">0</subfield><subfield code="w">0</subfield><subfield code="x">0</subfield><subfield code="y">.i11599789</subfield><subfield code="z">04-26-04</subfield></datafield><datafield ind1=" " ind2=" " tag="945"><subfield code="a">HA202 .A1</subfield><subfield code="c">1883</subfield><subfield code="g">1</subfield><subfield code="i">39090005663915</subfield><subfield code="l">ts</subfield><subfield code="o">-</subfield><subfield code="p">$0.00</subfield><subfield code="q">-</subfield><subfield code="r">-</subfield><subfield code="s">-</subfield><subfield code="t">0</subfield><subfield code="u">0</subfield><subfield code="v">0</subfield><subfield code="w">0</subfield><subfield code="x">0</subfield><subfield code="y">.i11599777</subfield><subfield code="z">04-26-04</subfield></datafield><datafield ind1=" " ind2=" " tag="945"><subfield code="a">HA202 .A1</subfield><subfield code="c">1882</subfield><subfield code="g">1</subfield><subfield code="i">39090005663907</subfield><subfield code="l">ts</subfield><subfield code="o">-</subfield><subfield code="p">$0.00</subfield><subfield code="q">-</subfield><subfield code="r">-</subfield><subfield code="s">-</subfield><subfield code="t">0</subfield><subfield code="u">0</subfield><subfield code="v">0</subfield><subfield code="w">0</subfield><subfield code="x">0</subfield><subfield code="y">.i11599765</subfield><subfield code="z">04-26-04</subfield></datafield><datafield ind1=" " ind2=" " tag="945"><subfield code="a">HA202 .A1</subfield><subfield code="c">1881</subfield><subfield code="g">1</subfield><subfield code="i">39090005663899</subfield><subfield code="l">ts</subfield><subfield code="o">-</subfield><subfield code="p">$0.00</subfield><subfield code="q">-</subfield><subfield code="r">-</subfield><subfield code="s">-</subfield><subfield code="t">0</subfield><subfield code="u">0</subfield><subfield code="v">0</subfield><subfield code="w">0</subfield><subfield code="x">0</subfield><subfield code="y">.i11599753</subfield><subfield code="z">04-26-04</subfield></datafield><datafield ind1=" " ind2=" " tag="945"><subfield code="a">HA202 .A1</subfield><subfield code="c">1880</subfield><subfield code="g">1</subfield><subfield code="i">39090005663881</subfield><subfield code="l">ts</subfield><subfield code="o">-</subfield><subfield code="p">$0.00</subfield><subfield code="q">-</subfield><subfield code="r">-</subfield><subfield code="s">-</subfield><subfield code="t">0</subfield><subfield code="u">0</subfield><subfield code="v">0</subfield><subfield code="w">0</subfield><subfield code="x">0</subfield><subfield code="y">.i11599741</subfield><subfield code="z">04-26-04</subfield></datafield><datafield ind1=" " ind2=" " tag="945"><subfield code="a">HA202 .A1</subfield><subfield code="c">1879</subfield><subfield code="g">1</subfield><subfield code="i">39090005663873</subfield><subfield code="l">ts</subfield><subfield code="o">-</subfield><subfield code="p">$0.00</subfield><subfield code="q">-</subfield><subfield code="r">-</subfield><subfield code="s">-</subfield><subfield code="t">0</subfield><subfield code="u">0</subfield><subfield code="v">0</subfield><subfield code="w">0</subfield><subfield code="x">0</subfield><subfield code="y">.i1159973x</subfield><subfield code="z">04-26-04</subfield></datafield><datafield ind1=" " ind2=" " tag="945"><subfield code="a">HA202 .A1</subfield><subfield code="c">1878=1st</subfield><subfield code="g">1</subfield><subfield code="i">39090005663865</subfield><subfield code="l">ts</subfield><subfield code="o">-</subfield><subfield code="p">$0.00</subfield><subfield code="q">-</subfield><subfield code="r">-</subfield><subfield code="s">-</subfield><subfield code="t">0</subfield><subfield code="u">0</subfield><subfield code="v">0</subfield><subfield code="w">0</subfield><subfield code="x">0</subfield><subfield code="y">.i11599728</subfield><subfield code="z">04-26-04</subfield></datafield><datafield ind1=" " ind2=" " tag="945"><subfield code="a">HA 202 A4</subfield><subfield code="c">2010</subfield><subfield code="g">1</subfield><subfield code="i">39090008682748</subfield><subfield code="l">vr</subfield><subfield code="o">-</subfield><subfield code="p">$0.00</subfield><subfield code="q">-</subfield><subfield code="r">-</subfield><subfield code="s">o</subfield><subfield code="t">0</subfield><subfield code="u">0</subfield><subfield code="v">0</subfield><subfield code="w">0</subfield><subfield code="x">0</subfield><subfield code="y">.i20306179</subfield><subfield code="z">06-11-09</subfield></datafield><datafield ind1=" " ind2=" " tag="945"><subfield code="a">HA 202 A4</subfield><subfield code="c">2002 Reference</subfield><subfield code="g">1</subfield><subfield code="l">vrw</subfield><subfield code="o">-</subfield><subfield code="p">$0.00</subfield><subfield code="q">-</subfield><subfield code="r">-</subfield><subfield code="s">o</subfield><subfield code="t">0</subfield><subfield code="u">0</subfield><subfield code="v">0</subfield><subfield code="w">0</subfield><subfield code="x">0</subfield><subfield code="y">.i20213256</subfield><subfield code="z">03-17-09</subfield></datafield><datafield ind1=" " ind2=" " tag="959"><subfield code="a">WorldShare UPDATED 2017-12-13 -- Master record variable field(s) change: 022, 060, 210, 300, 336, 337, 338, 650, 651, 710, 776</subfield></datafield><datafield ind1=" " ind2=" " tag="998"><subfield code="a">(27)g</subfield><subfield code="a">(29)h</subfield><subfield code="a">(128)t</subfield><subfield code="a">(3)v</subfield><subfield code="b">01-14-13</subfield><subfield code="c">s</subfield><subfield code="d">a</subfield><subfield code="e">-</subfield><subfield code="f">eng</subfield><subfield code="g">dcu</subfield><subfield code="h">0</subfield><subfield code="i">0</subfield></datafield></record></bib>